% Encoding: UTF-8

@Book{Falconer2003,
  author    = {Falconer, K. J.},
  publisher = {Wiley},
  title     = {Fractal geometry : mathematical foundations and applications},
  year      = {2003},
  address   = {Chichester},
  isbn      = {9780470848616},
}

@Comment{jabref-meta: databaseType:bibtex;}
