@Book{BombieriGubler2006,
  author     = {Bombieri, Enrico and Gubler, Walter},
  publisher  = {Cambridge University Press, Cambridge},
  title      = {Heights in {D}iophantine geometry},
  year       = {2006},
  isbn       = {978-0-521-84615-8; 0-521-84615-3},
  series     = {New Mathematical Monographs},
  volume     = {4},
  doi        = {10.1017/CBO9780511542879},
  mrclass    = {11G50 (11-02 11G10 11G30 11J68 14G40)},
  mrnumber   = {2216774},
  mrreviewer = {Yuri Bilu},
  pages      = {xvi+652},
  url        = {https://doi.org/10.1017/CBO9780511542879},
}

@Article{Bourgain2010,
  author     = {Bourgain, Jean},
  journal    = {J. Anal. Math.},
  title      = {The discretized sum-product and projection theorems},
  year       = {2010},
  issn       = {0021-7670},
  pages      = {193--236},
  volume     = {112},
  doi        = {10.1007/s11854-010-0028-x},
  fjournal   = {Journal d'Analyse Math\'{e}matique},
  mrclass    = {11B30},
  mrnumber   = {2763000},
  mrreviewer = {Serge\u{\i} V. Konyagin},
  url        = {https://doi.org/10.1007/s11854-010-0028-x},
}

@Article{Bourgain2003,
  author     = {Bourgain, J.},
  journal    = {Geom. Funct. Anal.},
  title      = {On the {E}rd\H{o}s-{V}olkmann and {K}atz-{T}ao ring conjectures},
  year       = {2003},
  issn       = {1016-443X},
  number     = {2},
  pages      = {334--365},
  volume     = {13},
  doi        = {10.1007/s000390300008},
  fjournal   = {Geometric and Functional Analysis},
  mrclass    = {11K55 (28A80)},
  mrnumber   = {1982147},
  mrreviewer = {Ben Joseph Green},
  url        = {https://doi.org/10.1007/s000390300008},
}

@Article{BourgainEtAl2004,
  author     = {Bourgain, J. and Katz, N. and Tao, T.},
  journal    = {Geom. Funct. Anal.},
  title      = {A sum-product estimate in finite fields, and applications},
  year       = {2004},
  issn       = {1016-443X},
  number     = {1},
  pages      = {27--57},
  volume     = {14},
  doi        = {10.1007/s00039-004-0451-1},
  fjournal   = {Geometric and Functional Analysis},
  mrclass    = {11B75 (11T30)},
  mrnumber   = {2053599},
  mrreviewer = {Ben Joseph Green},
  url        = {https://doi.org/10.1007/s00039-004-0451-1},
}

@Article{BreuillardVarju2019,
  author     = {Breuillard, Emmanuel and Varj\'{u}, P\'{e}ter P.},
  journal    = {Ann. Probab.},
  title      = {On the dimension of {B}ernoulli convolutions},
  year       = {2019},
  issn       = {0091-1798},
  number     = {4},
  pages      = {2582--2617},
  volume     = {47},
  doi        = {10.1214/18-AOP1324},
  fjournal   = {The Annals of Probability},
  mrclass    = {28A80 (42A85)},
  mrnumber   = {3980929},
  mrreviewer = {Pieter C. Allaart},
  url        = {https://doi.org/10.1214/18-AOP1324},
}

@Article{BreuillardVarju2020,
  author   = {Breuillard, Emmanuel and Varj\'{u}, P\'{e}ter P.},
  journal  = {J. Anal. Math.},
  title    = {Entropy of {B}ernoulli convolutions and uniform exponential growth for linear groups},
  year     = {2020},
  issn     = {0021-7670},
  number   = {2},
  pages    = {443--481},
  volume   = {140},
  doi      = {10.1007/s11854-020-0100-0},
  fjournal = {Journal d'Analyse Math\'{e}matique},
  mrclass  = {28A80 (11R06 20F69 20G20 20M20 42A85 60G50)},
  mrnumber = {4093919},
  url      = {https://doi.org/10.1007/s11854-020-0100-0},
}

@Book{Bugeaud2004,
  author     = {Bugeaud, Yann},
  publisher  = {Cambridge University Press, Cambridge},
  title      = {Approximation by algebraic numbers},
  year       = {2004},
  isbn       = {0-521-82329-3},
  series     = {Cambridge Tracts in Mathematics},
  volume     = {160},
  doi        = {10.1017/CBO9780511542886},
  mrclass    = {11J83 (11J04 11J13 11J68)},
  mrnumber   = {2136100},
  mrreviewer = {Damien Roy},
  pages      = {xvi+274},
  url        = {https://doi.org/10.1017/CBO9780511542886},
}

@Book{CoverThomas2006,
  author    = {Cover, Thomas M. and Thomas, Joy A.},
  publisher = {Wiley-Interscience [John Wiley \& Sons], Hoboken, NJ},
  title     = {Elements of information theory},
  year      = {2006},
  edition   = {Second},
  isbn      = {978-0-471-24195-9; 0-471-24195-4},
  mrclass   = {00-01 (94-01)},
  mrnumber  = {2239987},
  pages     = {xxiv+748},
}

@Article{Erdoes1939,
  author     = {Erd\"{o}s, Paul},
  journal    = {Amer. J. Math.},
  title      = {On a family of symmetric {B}ernoulli convolutions},
  year       = {1939},
  issn       = {0002-9327},
  pages      = {974--976},
  volume     = {61},
  doi        = {10.2307/2371641},
  fjournal   = {American Journal of Mathematics},
  mrclass    = {42.3X},
  mrnumber   = {311},
  mrreviewer = {M. Kac},
  url        = {https://doi.org/10.2307/2371641},
}

@Article{Erdoes1940,
  author     = {Erd\"{o}s, Paul},
  journal    = {Amer. J. Math.},
  title      = {On the smoothness properties of a family of {B}ernoulli convolutions},
  year       = {1940},
  issn       = {0002-9327},
  pages      = {180--186},
  volume     = {62},
  doi        = {10.2307/2371446},
  fjournal   = {American Journal of Mathematics},
  mrclass    = {42.3X},
  mrnumber   = {858},
  mrreviewer = {M. Kac},
  url        = {https://doi.org/10.2307/2371446},
}

@Book{Falconer1997,
  author     = {Falconer, Kenneth},
  publisher  = {John Wiley \& Sons, Ltd., Chichester},
  title      = {Techniques in fractal geometry},
  year       = {1997},
  isbn       = {0-471-95724-0},
  mrclass    = {28A80 (00A69 11K55 58F13)},
  mrnumber   = {1449135},
  mrreviewer = {Christoph Bandt},
  pages      = {xviii+256},
}

@Article{FalconerJin2014,
  author     = {Falconer, Kenneth J. and Jin, Xiong},
  journal    = {J. Lond. Math. Soc. (2)},
  title      = {Exact dimensionality and projections of random self-similar measures and sets},
  year       = {2014},
  issn       = {0024-6107},
  number     = {2},
  pages      = {388--412},
  volume     = {90},
  doi        = {10.1112/jlms/jdu031},
  fjournal   = {Journal of the London Mathematical Society. Second Series},
  mrclass    = {28A78 (28D20 60D05 60G57)},
  mrnumber   = {3263957},
  mrreviewer = {Jean-Charles Pinoli},
  url        = {https://doi.org/10.1112/jlms/jdu031},
}

@Article{FanEtAl2002,
  author     = {Fan, Ai-Hua and Lau, Ka-Sing and Rao, Hui},
  journal    = {Monatsh. Math.},
  title      = {Relationships between different dimensions of a measure},
  year       = {2002},
  issn       = {0026-9255},
  number     = {3},
  pages      = {191--201},
  volume     = {135},
  doi        = {10.1007/s006050200016},
  fjournal   = {Monatshefte f\"{u}r Mathematik},
  mrclass    = {28A80},
  mrnumber   = {1897575},
  mrreviewer = {M. K. Nayak},
  url        = {https://doi.org/10.1007/s006050200016},
}

@Article{FengHu2009,
  author     = {Feng, De-Jun and Hu, Huyi},
  journal    = {Comm. Pure Appl. Math.},
  title      = {Dimension theory of iterated function systems},
  year       = {2009},
  issn       = {0010-3640},
  number     = {11},
  pages      = {1435--1500},
  volume     = {62},
  doi        = {10.1002/cpa.20276},
  fjournal   = {Communications on Pure and Applied Mathematics},
  mrclass    = {37C45 (28A78)},
  mrnumber   = {2560042},
  mrreviewer = {Lars Olsen},
  url        = {https://doi.org/10.1002/cpa.20276},
}

@Article{Garsia1962,
  author     = {Garsia, Adriano M.},
  journal    = {Trans. Amer. Math. Soc.},
  title      = {Arithmetic properties of {B}ernoulli convolutions},
  year       = {1962},
  issn       = {0002-9947},
  pages      = {409--432},
  volume     = {102},
  doi        = {10.2307/1993615},
  fjournal   = {Transactions of the American Mathematical Society},
  mrclass    = {44.25},
  mrnumber   = {137961},
  mrreviewer = {P. Civin},
  url        = {https://doi.org/10.2307/1993615},
}

@Article{Garsia1963,
  author     = {Garsia, Adriano M.},
  journal    = {Pacific J. Math.},
  title      = {Entropy and singularity of infinite convolutions},
  year       = {1963},
  issn       = {0030-8730},
  pages      = {1159--1169},
  volume     = {13},
  fjournal   = {Pacific Journal of Mathematics},
  mrclass    = {28.70},
  mrnumber   = {156945},
  mrreviewer = {R. V. Chacon},
  ranking    = {rank3},
  url        = {http://projecteuclid.org/euclid.pjm/1103034552},
}

@Article{HareSidorov2010,
  author     = {Hare, Kevin G. and Sidorov, Nikita},
  journal    = {LMS J. Comput. Math.},
  title      = {A lower bound for {G}arsia's entropy for certain {B}ernoulli convolutions},
  year       = {2010},
  pages      = {130--143},
  volume     = {13},
  doi        = {10.1112/S1461157008000430},
  fjournal   = {LMS Journal of Computation and Mathematics},
  mrclass    = {11K16 (11R06 26A30 28D20 37A45)},
  mrnumber   = {2638985},
  mrreviewer = {Manav Das},
  url        = {https://doi.org/10.1112/S1461157008000430},
}

@Article{Hochman2014,
  author     = {Hochman, Michael},
  journal    = {Ann. of Math. (2)},
  title      = {On self-similar sets with overlaps and inverse theorems for entropy},
  year       = {2014},
  issn       = {0003-486X},
  number     = {2},
  pages      = {773--822},
  volume     = {180},
  doi        = {10.4007/annals.2014.180.2.7},
  fjournal   = {Annals of Mathematics. Second Series},
  mrclass    = {28A80 (28D05 37C45)},
  mrnumber   = {3224722},
  mrreviewer = {Vaughn Climenhaga},
  url        = {https://doi.org/10.4007/annals.2014.180.2.7},
}

@Article{HochmanShmerkin2012,
  author     = {Hochman, Michael and Shmerkin, Pablo},
  journal    = {Ann. of Math. (2)},
  title      = {Local entropy averages and projections of fractal measures},
  year       = {2012},
  issn       = {0003-486X},
  number     = {3},
  pages      = {1001--1059},
  volume     = {175},
  doi        = {10.4007/annals.2012.175.3.1},
  fjournal   = {Annals of Mathematics. Second Series},
  mrclass    = {28A78 (28A75 28A80)},
  mrnumber   = {2912701},
  mrreviewer = {Manuel Mor\'{a}n},
  url        = {https://doi.org/10.4007/annals.2012.175.3.1},
}

@Article{Horn1954,
  author     = {Horn, Alfred},
  journal    = {Proc. Amer. Math. Soc.},
  title      = {On the eigenvalues of a matrix with prescribed singular values},
  year       = {1954},
  issn       = {0002-9939},
  pages      = {4--7},
  volume     = {5},
  doi        = {10.2307/2032094},
  fjournal   = {Proceedings of the American Mathematical Society},
  mrclass    = {09.0X},
  mrnumber   = {61573},
  mrreviewer = {F. Smithies},
  url        = {https://doi.org/10.2307/2032094},
}

@Article{Hutchinson1981,
  author     = {Hutchinson, John E.},
  journal    = {Indiana Univ. Math. J.},
  title      = {Fractals and self-similarity},
  year       = {1981},
  issn       = {0022-2518},
  number     = {5},
  pages      = {713--747},
  volume     = {30},
  doi        = {10.1512/iumj.1981.30.30055},
  fjournal   = {Indiana University Mathematics Journal},
  mrclass    = {49F20 (00A69 28A12 58C27)},
  mrnumber   = {625600},
  mrreviewer = {F. J. Almgren, Jr.},
  url        = {https://doi.org/10.1512/iumj.1981.30.30055},
}

@Article{Mahler1964,
  author     = {Mahler, K.},
  journal    = {Michigan Math. J.},
  title      = {An inequality for the discriminant of a polynomial},
  year       = {1964},
  issn       = {0026-2285},
  pages      = {257--262},
  volume     = {11},
  fjournal   = {Michigan Mathematical Journal},
  mrclass    = {12.30 (10.79)},
  mrnumber   = {166188},
  mrreviewer = {L. Mirsky},
  url        = {http://projecteuclid.org/euclid.mmj/1028999140},
}

@Article{Mahler1960,
  author     = {Mahler, K.},
  journal    = {Mathematika},
  title      = {An application of {J}ensen's formula to polynomials},
  year       = {1960},
  issn       = {0025-5793},
  pages      = {98--100},
  volume     = {7},
  doi        = {10.1112/S0025579300001637},
  fjournal   = {Mathematika. A Journal of Pure and Applied Mathematics},
  mrclass    = {30.10},
  mrnumber   = {124467},
  mrreviewer = {L. Mirsky},
  url        = {https://doi.org/10.1112/S0025579300001637},
}

@Book{Masser2016,
  author     = {Masser, David},
  publisher  = {Cambridge University Press, Cambridge},
  title      = {Auxiliary polynomials in number theory},
  year       = {2016},
  isbn       = {978-1-107-06157-6},
  series     = {Cambridge Tracts in Mathematics},
  volume     = {207},
  doi        = {10.1017/CBO9781107448018},
  mrclass    = {11-02 (11J81 11J82 11R09)},
  mrnumber   = {3497545},
  mrreviewer = {Mihai Cipu},
  pages      = {xviii+348},
  url        = {https://doi.org/10.1017/CBO9781107448018},
}

@Article{PeresSolomyak1996,
  author     = {Peres, Yuval and Solomyak, Boris},
  journal    = {Math. Res. Lett.},
  title      = {Absolute continuity of {B}ernoulli convolutions, a simple proof},
  year       = {1996},
  issn       = {1073-2780},
  number     = {2},
  pages      = {231--239},
  volume     = {3},
  doi        = {10.4310/MRL.1996.v3.n2.a8},
  fjournal   = {Mathematical Research Letters},
  mrclass    = {28A12 (42A61 60G30 60G50)},
  mrnumber   = {1386842},
  mrreviewer = {A. H. Dooley},
  url        = {https://doi.org/10.4310/MRL.1996.v3.n2.a8},
}

@InCollection{PeresEtAl2000,
  author     = {Peres, Yuval and Schlag, Wilhelm and Solomyak, Boris},
  booktitle  = {Fractal geometry and stochastics, {II} ({G}reifswald/{K}oserow, 1998)},
  publisher  = {Birkh\"{a}user, Basel},
  title      = {Sixty years of {B}ernoulli convolutions},
  year       = {2000},
  pages      = {39--65},
  series     = {Progr. Probab.},
  volume     = {46},
  mrclass    = {42A85 (11R06 26A46 28A78 28A80)},
  mrnumber   = {1785620},
  mrreviewer = {K\'{a}roly Simon},
}

@Article{PollicottSimon1995,
  author     = {Pollicott, Mark and Simon, K\'{a}roly},
  journal    = {Trans. Amer. Math. Soc.},
  title      = {The {H}ausdorff dimension of {$\lambda$}-expansions with deleted digits},
  year       = {1995},
  issn       = {0002-9947},
  number     = {3},
  pages      = {967--983},
  volume     = {347},
  doi        = {10.2307/2154881},
  fjournal   = {Transactions of the American Mathematical Society},
  mrclass    = {11K55 (28A78)},
  mrnumber   = {1290729},
  mrreviewer = {Rita Giuliano Antonini},
  url        = {https://doi.org/10.2307/2154881},
}

@Misc{RapaportVarju2020,
  author        = {Ariel Rapaport and Péter P. Varjú},
  note          = {To appear in {\em Duke Math. J.}},
  title         = {Self-similar measures associated to a homogeneous system of three maps},
  year          = {2020},
  archiveprefix = {arXiv},
  eprint        = {2010.01022},
  primaryclass  = {math.DS},
}

@Article{Salem1944,
  author     = {Salem, R.},
  journal    = {Duke Math. J.},
  title      = {A remarkable class of algebraic integers. {P}roof of a conjecture of {V}ijayaraghavan},
  year       = {1944},
  issn       = {0012-7094},
  pages      = {103--108},
  volume     = {11},
  fjournal   = {Duke Mathematical Journal},
  mrclass    = {10.0X},
  mrnumber   = {10149},
  mrreviewer = {D. C. Spencer},
  url        = {http://projecteuclid.org/euclid.dmj/1077472374},
}

@Article{Shmerkin2019,
  author     = {Shmerkin, Pablo},
  journal    = {Ann. of Math. (2)},
  title      = {On {F}urstenberg's intersection conjecture, self-similar measures, and the {$L^q$} norms of convolutions},
  year       = {2019},
  issn       = {0003-486X},
  number     = {2},
  pages      = {319--391},
  volume     = {189},
  doi        = {10.4007/annals.2019.189.2.1},
  fjournal   = {Annals of Mathematics. Second Series},
  mrclass    = {37C45 (11K55 28A78 28A80 28D05)},
  mrnumber   = {3919361},
  mrreviewer = {J\"{o}rg Neunh\"{a}userer},
  url        = {https://doi.org/10.4007/annals.2019.189.2.1},
}

@Article{Shmerkin2014,
  author     = {Shmerkin, Pablo},
  journal    = {Geom. Funct. Anal.},
  title      = {On the exceptional set for absolute continuity of {B}ernoulli convolutions},
  year       = {2014},
  issn       = {1016-443X},
  number     = {3},
  pages      = {946--958},
  volume     = {24},
  doi        = {10.1007/s00039-014-0285-4},
  fjournal   = {Geometric and Functional Analysis},
  mrclass    = {28A78 (28A80 37A45)},
  mrnumber   = {3213835},
  mrreviewer = {Robert W. Vallin},
  url        = {https://doi.org/10.1007/s00039-014-0285-4},
}

@InCollection{Simon1996,
  author    = {Simon, K\'{a}roly},
  booktitle = {Ergodic theory of {${\bf Z}^d$} actions ({W}arwick, 1993--1994)},
  publisher = {Cambridge Univ. Press, Cambridge},
  title     = {Overlapping cylinders: the size of a dynamically defined {C}antor-set},
  year      = {1996},
  pages     = {259--272},
  series    = {London Math. Soc. Lecture Note Ser.},
  volume    = {228},
  doi       = {10.1017/CBO9780511662812.009},
  mrclass   = {28A80 (28A78 28D05)},
  mrnumber  = {1411222},
  url       = {https://doi.org/10.1017/CBO9780511662812.009},
}

@Article{Solomyak1995,
  author     = {Solomyak, Boris},
  journal    = {Ann. of Math. (2)},
  title      = {On the random series {$\sum\pm\lambda^n$} (an {E}rd\H{o}s problem)},
  year       = {1995},
  issn       = {0003-486X},
  number     = {3},
  pages      = {611--625},
  volume     = {142},
  doi        = {10.2307/2118556},
  fjournal   = {Annals of Mathematics. Second Series},
  mrclass    = {11K99 (11R06 28D99 60G99)},
  mrnumber   = {1356783},
  mrreviewer = {D. Boyd},
  url        = {https://doi.org/10.2307/2118556},
}

@InCollection{Solomyak2004,
  author     = {Solomyak, Boris},
  booktitle  = {Fractal geometry and applications: a jubilee of {B}eno\^{\i}t {M}andelbrot. {P}art 1},
  publisher  = {Amer. Math. Soc., Providence, RI},
  title      = {Notes on {B}ernoulli convolutions},
  year       = {2004},
  pages      = {207--230},
  series     = {Proc. Sympos. Pure Math.},
  volume     = {72},
  mrclass    = {26A46 (26A30 28A78 28A80 37C45 39B12)},
  mrnumber   = {2112107},
  mrreviewer = {Pieter C. Allaart},
}

@Article{Tao2010,
  author     = {Tao, Terence},
  journal    = {Combin. Probab. Comput.},
  title      = {Sumset and inverse sumset theory for {S}hannon entropy},
  year       = {2010},
  issn       = {0963-5483},
  number     = {4},
  pages      = {603--639},
  volume     = {19},
  doi        = {10.1017/S0963548309990642},
  fjournal   = {Combinatorics, Probability and Computing},
  mrclass    = {11B30 (05B10 11B13)},
  mrnumber   = {2647496},
  mrreviewer = {Ben Joseph Green},
  url        = {https://doi.org/10.1017/S0963548309990642},
}

@Article{Varju2019,
  author     = {Varj\'{u}, P\'{e}ter P.},
  journal    = {Ann. of Math. (2)},
  title      = {On the dimension of {B}ernoulli convolutions for all transcendental parameters},
  year       = {2019},
  issn       = {0003-486X},
  number     = {3},
  pages      = {1001--1011},
  volume     = {189},
  doi        = {10.4007/annals.2019.189.3.9},
  fjournal   = {Annals of Mathematics. Second Series},
  mrclass    = {28A80 (42A85)},
  mrnumber   = {3961088},
  mrreviewer = {Lars Olsen},
  url        = {https://doi.org/10.4007/annals.2019.189.3.9},
}

@Article{Varju2019a,
  author     = {Varj\'{u}, P\'{e}ter P.},
  journal    = {J. Amer. Math. Soc.},
  title      = {Absolute continuity of {B}ernoulli convolutions for algebraic parameters},
  year       = {2019},
  issn       = {0894-0347},
  number     = {2},
  pages      = {351--397},
  volume     = {32},
  doi        = {10.1090/jams/916},
  fjournal   = {Journal of the American Mathematical Society},
  mrclass    = {60G30 (28A80 42A85)},
  mrnumber   = {3904156},
  mrreviewer = {Dominique L\'{e}pingle},
  url        = {https://doi.org/10.1090/jams/916},
}

@InCollection{Varju2018,
  author    = {Varj\'{u}, P\'{e}ter P.},
  booktitle = {European {C}ongress of {M}athematics},
  publisher = {Eur. Math. Soc., Z\"{u}rich},
  title     = {Recent progress on {B}ernoulli convolutions},
  year      = {2018},
  pages     = {847--867},
  mrclass   = {28A80 (11K55 28A35)},
  mrnumber  = {3890454},
}

@Article{Young1982,
  author     = {Young, Lai Sang},
  journal    = {Ergodic Theory Dynam. Systems},
  title      = {Dimension, entropy and {L}yapunov exponents},
  year       = {1982},
  issn       = {0143-3857},
  number     = {1},
  pages      = {109--124},
  volume     = {2},
  doi        = {10.1017/s0143385700009615},
  fjournal   = {Ergodic Theory and Dynamical Systems},
  mrclass    = {58F11},
  mrnumber   = {684248},
  mrreviewer = {Michael J. Field},
  url        = {https://doi.org/10.1017/s0143385700009615},
}

@Article{FengLau2002,
  author     = {Feng, De-Jun and Lau, Ka-Sing},
  journal    = {Math. Res. Lett.},
  title      = {The pressure function for products of non-negative matrices},
  year       = {2002},
  issn       = {1073-2780},
  number     = {2-3},
  pages      = {363--378},
  volume     = {9},
  doi        = {10.4310/MRL.2002.v9.n3.a10},
  fjournal   = {Mathematical Research Letters},
  mrclass    = {37A60 (28A80 37D35)},
  mrnumber   = {1909650},
  mrreviewer = {Bernard Schmitt},
  url        = {https://doi.org/10.4310/MRL.2002.v9.n3.a10},
}

@Article{HareSidorov2018,
  author   = {Hare, Kevin G. and Sidorov, Nikita},
  journal  = {Exp. Math.},
  title    = {A lower bound for the dimension of {B}ernoulli convolutions},
  year     = {2018},
  issn     = {1058-6458},
  number   = {4},
  pages    = {414--418},
  volume   = {27},
  doi      = {10.1080/10586458.2017.1301841},
  fjournal = {Experimental Mathematics},
  mrclass  = {28D20 (11R06 26A30)},
  mrnumber = {3894719},
  url      = {https://doi.org/10.1080/10586458.2017.1301841},
}

@Article{FengEtAl2018,
  author     = {Feng, De-Jun and J\"{a}rvenp\"{a}\"{a}, Esa and J\"{a}rvenp\"{a}\"{a}, Maarit and Suomala, Ville},
  journal    = {Ann. Probab.},
  title      = {Dimensions of random covering sets in {R}iemann manifolds},
  year       = {2018},
  issn       = {0091-1798},
  number     = {3},
  pages      = {1542--1596},
  volume     = {46},
  doi        = {10.1214/17-AOP1210},
  fjournal   = {The Annals of Probability},
  mrclass    = {60D05 (28A80)},
  mrnumber   = {3785595},
  mrreviewer = {David A. Croydon},
  url        = {https://doi.org/10.1214/17-AOP1210},
}

@Book{Pesin1997,
  author    = {Pesin, Yakov B.},
  publisher = {University of Chicago Press, Chicago, IL},
  title     = {Dimension theory in dynamical systems},
  year      = {1997},
  isbn      = {0-226-66221-7; 0-226-66222-5},
  note      = {Contemporary views and applications},
  series    = {Chicago Lectures in Mathematics},
  doi       = {10.7208/chicago/9780226662237.001.0001},
  keywords  = {58-02 (28A78 54F45 54H20 58F11 58F15 58F99)},
  mrnumber  = {1489237},
  pages     = {xii+304},
}

@Article{LedrappierYoung1985a,
  author     = {Ledrappier, F. and Young, L.-S.},
  journal    = {Ann. of Math. (2)},
  title      = {The metric entropy of diffeomorphisms. {II}. {R}elations between entropy, exponents and dimension},
  year       = {1985},
  issn       = {0003-486X},
  number     = {3},
  pages      = {540--574},
  volume     = {122},
  doi        = {10.2307/1971329},
  fjournal   = {Annals of Mathematics. Second Series},
  mrclass    = {58F11 (58F15)},
  mrnumber   = {819557},
  mrreviewer = {D. Newton},
  url        = {https://doi.org/10.2307/1971329},
}

@Article{LedrappierYoung1985,
  author     = {Ledrappier, F. and Young, L.-S.},
  journal    = {Ann. of Math. (2)},
  title      = {The metric entropy of diffeomorphisms. {I}. {C}haracterization of measures satisfying {P}esin's entropy formula},
  year       = {1985},
  issn       = {0003-486X},
  number     = {3},
  pages      = {509--539},
  volume     = {122},
  doi        = {10.2307/1971328},
  fjournal   = {Annals of Mathematics. Second Series},
  mrclass    = {58F11 (58F15)},
  mrnumber   = {819556},
  mrreviewer = {D. Newton},
  url        = {https://doi.org/10.2307/1971328},
}

@Article{BarreiraEtAl1999,
  author     = {Barreira, Luis and Pesin, Yakov and Schmeling, J\"{o}rg},
  journal    = {Ann. of Math. (2)},
  title      = {Dimension and product structure of hyperbolic measures},
  year       = {1999},
  issn       = {0003-486X},
  number     = {3},
  pages      = {755--783},
  volume     = {149},
  doi        = {10.2307/121072},
  fjournal   = {Annals of Mathematics. Second Series},
  mrclass    = {37C45 (37D05 37D25)},
  mrnumber   = {1709302},
  mrreviewer = {Boris Hasselblatt},
  url        = {https://doi.org/10.2307/121072},
}

@Misc{Hochman2017,
  author        = {Michael Hochman},
  note          = {To appear in {\em Mem. Amer. Math. Soc}},
  title         = {On self-similar sets with overlaps and inverse theorems for entropy in $\mathbb{R}^d$},
  year          = {2017},
  archiveprefix = {arXiv},
  eprint        = {1503.09043},
  primaryclass  = {math.CA},
}

@Article{Falconer1994,
  author     = {Falconer, K. J.},
  journal    = {Math. Proc. Cambridge Philos. Soc.},
  title      = {Bounded distortion and dimension for nonconformal repellers},
  year       = {1994},
  issn       = {0305-0041},
  number     = {2},
  pages      = {315--334},
  volume     = {115},
  doi        = {10.1017/S030500410007211X},
  fjournal   = {Mathematical Proceedings of the Cambridge Philosophical Society},
  mrclass    = {58F12 (28A80 58F15)},
  mrnumber   = {1277063},
  mrreviewer = {Colleen D. Cutler},
  url        = {https://doi.org/10.1017/S030500410007211X},
}

@Article{BaranyEtAl2019,
  author     = {B\'{a}r\'{a}ny, Bal\'{a}zs and Hochman, Michael and Rapaport, Ariel},
  journal    = {Invent. Math.},
  title      = {Hausdorff dimension of planar self-affine sets and measures},
  year       = {2019},
  issn       = {0020-9910},
  number     = {3},
  pages      = {601--659},
  volume     = {216},
  doi        = {10.1007/s00222-018-00849-y},
  fjournal   = {Inventiones Mathematicae},
  mrclass    = {28A80 (37C45 37F35)},
  mrnumber   = {3955707},
  mrreviewer = {Sascha Troscheit},
  url        = {https://doi.org/10.1007/s00222-018-00849-y},
}

@Article{CaoEtAl2008,
  author     = {Cao, Yong-Luo and Feng, De-Jun and Huang, Wen},
  journal    = {Discrete Contin. Dyn. Syst.},
  title      = {The thermodynamic formalism for sub-additive potentials},
  year       = {2008},
  issn       = {1078-0947},
  number     = {3},
  pages      = {639--657},
  volume     = {20},
  doi        = {10.3934/dcds.2008.20.639},
  fjournal   = {Discrete and Continuous Dynamical Systems. Series A},
  mrclass    = {37D35 (28D20 37A35)},
  mrnumber   = {2373208},
  mrreviewer = {Jean-Baptiste Bardet},
  url        = {https://doi.org/10.3934/dcds.2008.20.639},
}

@Article{ChenPesin2010,
  author   = {Chen, Jianyu and Pesin, Yakov},
  journal  = {Nonlinearity},
  title    = {Dimension of non-conformal repellers: a survey},
  year     = {2010},
  issn     = {0951-7715},
  number   = {4},
  pages    = {R93--R114},
  volume   = {23},
  doi      = {10.1088/0951-7715/23/4/R01},
  fjournal = {Nonlinearity},
  mrclass  = {37C45 (28A78 28A80)},
  mrnumber = {2602012},
  url      = {https://doi.org/10.1088/0951-7715/23/4/R01},
}

@Article{Falconer1988,
  author   = {Falconer, K. J.},
  journal  = {Math. Proc. Cambridge Philos. Soc.},
  title    = {The {H}ausdorff dimension of self-affine fractals},
  year     = {1988},
  issn     = {0305-0041},
  number   = {2},
  pages    = {339--350},
  volume   = {103},
  doi      = {10.1017/S0305004100064926},
  fjournal = {Mathematical Proceedings of the Cambridge Philosophical Society},
  mrclass  = {28A75},
  mrnumber = {923687},
  url      = {https://doi.org/10.1017/S0305004100064926},
}

@Article{Zhang1997,
  author     = {Zhang, Yingjie},
  journal    = {Ergodic Theory Dynam. Systems},
  title      = {Dynamical upper bounds for {H}ausdorff dimension of invariant sets},
  year       = {1997},
  issn       = {0143-3857},
  number     = {3},
  pages      = {739--756},
  volume     = {17},
  doi        = {10.1017/S0143385797085003},
  fjournal   = {Ergodic Theory and Dynamical Systems},
  mrclass    = {58F11},
  mrnumber   = {1452191},
  mrreviewer = {Irene Hueter},
  url        = {https://doi.org/10.1017/S0143385797085003},
}

@Article{McMullen1984,
  author     = {McMullen, Curt},
  journal    = {Nagoya Math. J.},
  title      = {The {H}ausdorff dimension of general {S}ierpi\'{n}ski carpets},
  year       = {1984},
  issn       = {0027-7630},
  pages      = {1--9},
  volume     = {96},
  doi        = {10.1017/S0027763000021085},
  fjournal   = {Nagoya Mathematical Journal},
  mrclass    = {11K55},
  mrnumber   = {771063},
  mrreviewer = {A. D. Pollington},
  url        = {https://doi.org/10.1017/S0027763000021085},
}

@Article{Walters1975,
  author     = {Walters, Peter},
  journal    = {Amer. J. Math.},
  title      = {A variational principle for the pressure of continuous transformations},
  year       = {1975},
  issn       = {0002-9327},
  number     = {4},
  pages      = {937--971},
  volume     = {97},
  doi        = {10.2307/2373682},
  fjournal   = {American Journal of Mathematics},
  mrclass    = {28A65},
  mrnumber   = {390180},
  mrreviewer = {Manfred Denker},
  url        = {https://doi.org/10.2307/2373682},
}

@Article{SimonEtAl2001,
  author     = {Simon, K. and Solomyak, B. and Urba\'{n}ski, M.},
  journal    = {Trans. Amer. Math. Soc.},
  title      = {Invariant measures for parabolic {IFS} with overlaps and random continued fractions},
  year       = {2001},
  issn       = {0002-9947},
  number     = {12},
  pages      = {5145--5164},
  volume     = {353},
  doi        = {10.1090/S0002-9947-01-02873-2},
  fjournal   = {Transactions of the American Mathematical Society},
  mrclass    = {37C45 (11K50 28A78 37A99 37D20 37E05 60G30)},
  mrnumber   = {1852098},
  mrreviewer = {Feliks Przytycki},
  url        = {https://doi.org/10.1090/S0002-9947-01-02873-2},
}

@Article{BarralFeng2021,
  author   = {Barral, Julien and Feng, De-Jun},
  journal  = {Math. Z.},
  title    = {On multifractal formalism for self-similar measures with overlaps},
  year     = {2021},
  issn     = {0025-5874},
  number   = {1-2},
  pages    = {359--383},
  volume   = {298},
  doi      = {10.1007/s00209-020-02622-5},
  fjournal = {Mathematische Zeitschrift},
  mrclass  = {28A80 (37C45)},
  mrnumber = {4257091},
  url      = {https://doi.org/10.1007/s00209-020-02622-5},
}

@Book{Falconer2003,
  author     = {Falconer, Kenneth J.},
  publisher  = {John Wiley \& Sons, Inc., Hoboken, NJ},
  title      = {Fractal geometry: Mathematical foundations and applications},
  year       = {2003},
  edition    = {Second},
  isbn       = {0-470-84861-8},
  doi        = {10.1002/0470013850},
  mrclass    = {28-01 (00A69 11K55 28A75 28A78 28A80 37C45 37F10)},
  mrnumber   = {2118797},
  mrreviewer = {Esa J\"{a}rvenp\"{a}\"{a}},
  pages      = {xxviii+337},
  url        = {https://doi.org/10.1002/0470013850},
}

@Article{AkiyamaEtAl2020,
  author     = {Akiyama, Shigeki and Feng, De-Jun and Kempton, Tom and Persson, Tomas},
  journal    = {Int. Math. Res. Not. IMRN},
  title      = {On the {H}ausdorff dimension of {B}ernoulli convolutions},
  year       = {2020},
  issn       = {1073-7928},
  number     = {19},
  pages      = {6569--6595},
  doi        = {10.1093/imrn/rny209},
  fjournal   = {International Mathematics Research Notices. IMRN},
  mrclass    = {28A78},
  mrnumber   = {4165484},
  mrreviewer = {Lars Olsen},
  url        = {https://doi.org/10.1093/imrn/rny209},
}

@Article{GritzmannSturmfels1993,
  author     = {Gritzmann, Peter and Sturmfels, Bernd},
  journal    = {SIAM J. Discrete Math.},
  title      = {Minkowski addition of polytopes: computational complexity and applications to {G}r\"{o}bner bases},
  year       = {1993},
  issn       = {0895-4801},
  number     = {2},
  pages      = {246--269},
  volume     = {6},
  doi        = {10.1137/0406019},
  fjournal   = {SIAM Journal on Discrete Mathematics},
  mrclass    = {68U05 (13P10 52B55 68Q25 68Q40)},
  mrnumber   = {1215231},
  mrreviewer = {Egon Schulte},
  url        = {https://doi.org/10.1137/0406019},
}

@Book{Bowen1975,
  author     = {Bowen, Rufus},
  publisher  = {Springer-Verlag, Berlin-New York},
  title      = {Equilibrium states and the ergodic theory of {A}nosov diffeomorphisms},
  year       = {1975},
  series     = {Lecture Notes in Mathematics, Vol. 470},
  mrclass    = {58F10 (28A65)},
  mrnumber   = {0442989},
  mrreviewer = {L. A. Bunimovic},
  pages      = {i+108},
}

@Book{Parry1981,
  author     = {Parry, William},
  publisher  = {Cambridge University Press, Cambridge-New York},
  title      = {Topics in ergodic theory},
  year       = {1981},
  isbn       = {0-521-22986-3},
  series     = {Cambridge Tracts in Mathematics},
  volume     = {75},
  mrclass    = {28Dxx (47A30 58F11)},
  mrnumber   = {614142},
  mrreviewer = {Douglas Lind},
  pages      = {x+110},
}

@Book{Mattila1995,
  author     = {Mattila, Pertti},
  publisher  = {Cambridge University Press, Cambridge},
  title      = {Geometry of sets and measures in {E}uclidean spaces: Fractals and rectifiability},
  year       = {1995},
  isbn       = {0-521-46576-1; 0-521-65595-1},
  series     = {Cambridge Studies in Advanced Mathematics},
  volume     = {44},
  doi        = {10.1017/CBO9780511623813},
  mrclass    = {28A75 (49Q20)},
  mrnumber   = {1333890},
  mrreviewer = {Harold Parks},
  pages      = {xii+343},
  url        = {https://doi.org/10.1017/CBO9780511623813},
}

@Article{Lessa2021,
  author   = {Lessa, Pablo},
  journal  = {Trans. Amer. Math. Soc. Ser. B},
  title    = {Entropy and dimension of disintegrations of stationary measures},
  year     = {2021},
  pages    = {105--129},
  volume   = {8},
  doi      = {10.1090/btran/60},
  fjournal = {Transactions of the American Mathematical Society. Series B},
  mrclass  = {37C86 (37C45)},
  mrnumber = {4216247},
  url      = {https://doi.org/10.1090/btran/60},
}

@Book{BenoistQuint2016,
  author     = {Benoist, Yves and Quint, Jean-Fran\c{c}ois},
  publisher  = {Springer, Cham},
  title      = {Random walks on reductive groups},
  year       = {2016},
  isbn       = {978-3-319-47719-0; 978-3-319-47721-3},
  series     = {Ergebnisse der Mathematik und ihrer Grenzgebiete. 3. Folge. A Series of Modern Surveys in Mathematics [Results in Mathematics and Related Areas. 3rd Series. A Series of Modern Surveys in Mathematics]},
  volume     = {62},
  mrclass    = {60B15 (22E30 22E46 37C30 37H15 60B20 60F05 60G50)},
  mrnumber   = {3560700},
  mrreviewer = {Radhakrishnan Nair},
  pages      = {xi+323},
}

@Book{EinsiedlerWard2011,
  author     = {Einsiedler, Manfred and Ward, Thomas},
  publisher  = {Springer-Verlag London, Ltd., London},
  title      = {Ergodic theory with a view towards number theory},
  year       = {2011},
  isbn       = {978-0-85729-020-5},
  series     = {Graduate Texts in Mathematics},
  volume     = {259},
  doi        = {10.1007/978-0-85729-021-2},
  mrclass    = {37A45 (05D10 11J70 11K50 28Dxx 37-01 37D40)},
  mrnumber   = {2723325},
  mrreviewer = {Vitaly Bergelson},
  pages      = {xviii+481},
  url        = {https://doi.org/10.1007/978-0-85729-021-2},
}

@Article{Feng2005,
  author     = {Feng, De-Jun},
  journal    = {Adv. Math.},
  title      = {The limited {R}ademacher functions and {B}ernoulli convolutions associated with {P}isot numbers},
  year       = {2005},
  issn       = {0001-8708},
  number     = {1},
  pages      = {24--101},
  volume     = {195},
  doi        = {10.1016/j.aim.2004.06.011},
  fjournal   = {Advances in Mathematics},
  mrclass    = {11K55 (11R06 28A78 28A80 37A45 37C45)},
  mrnumber   = {2145793},
  mrreviewer = {Lars Olsen},
  url        = {https://doi.org/10.1016/j.aim.2004.06.011},
}

@Article{Feng2003,
  author     = {Feng, De-Jun},
  journal    = {J. London Math. Soc. (2)},
  title      = {Smoothness of the {$L^q$}-spectrum of self-similar measures with overlaps},
  year       = {2003},
  issn       = {0024-6107},
  number     = {1},
  pages      = {102--118},
  volume     = {68},
  doi        = {10.1112/S002461070300437X},
  fjournal   = {Journal of the London Mathematical Society. Second Series},
  mrclass    = {28A80 (37C45)},
  mrnumber   = {1980246},
  mrreviewer = {Esa J\"{a}rvenp\"{a}\"{a}},
  url        = {https://doi.org/10.1112/S002461070300437X},
}

@Article{JordanEtAl2007,
  author     = {Jordan, Thomas and Pollicott, Mark and Simon, K\'{a}roly},
  journal    = {Comm. Math. Phys.},
  title      = {Hausdorff dimension for randomly perturbed self affine attractors},
  year       = {2007},
  issn       = {0010-3616},
  number     = {2},
  pages      = {519--544},
  volume     = {270},
  doi        = {10.1007/s00220-006-0161-7},
  fjournal   = {Communications in Mathematical Physics},
  mrclass    = {37C45 (28A80 37A05 94A08)},
  mrnumber   = {2276454},
  mrreviewer = {Lars Olsen},
  url        = {https://doi.org/10.1007/s00220-006-0161-7},
}

@Book{Rudin1991,
  author    = {Rudin, Walter},
  publisher = {McGraw-Hill, Inc., New York},
  title     = {Functional analysis},
  year      = {1991},
  edition   = {Second},
  isbn      = {0-07-054236-8},
  series    = {International Series in Pure and Applied Mathematics},
  mrclass   = {46-01 (47-01)},
  mrnumber  = {1157815},
  pages     = {xviii+424},
}

@Book{Royden1988,
  author    = {Royden, H. L.},
  publisher = {Macmillan Publishing Company, New York},
  title     = {Real analysis},
  year      = {1988},
  edition   = {Third},
  isbn      = {0-02-404151-3},
  mrclass   = {00A05 (26-01 28-01 46-01)},
  mrnumber  = {1013117},
  pages     = {xx+444},
}

@Article{Ruelle1979,
  author     = {Ruelle, David},
  journal    = {Inst. Hautes \'{E}tudes Sci. Publ. Math.},
  title      = {Ergodic theory of differentiable dynamical systems},
  year       = {1979},
  issn       = {0073-8301},
  number     = {50},
  pages      = {27--58},
  fjournal   = {Institut des Hautes \'{E}tudes Scientifiques. Publications Math\'{e}matiques},
  mrclass    = {58F18 (58F15 60G99 82A05)},
  mrnumber   = {556581},
  mrreviewer = {L. A. Bunimovich},
  url        = {http://www.numdam.org/item?id=PMIHES_1979__50__27_0},
}

@Article{Baker2021,
  author   = {Baker, Simon},
  journal  = {Adv. Math.},
  title    = {Iterated function systems with super-exponentially close cylinders},
  year     = {2021},
  issn     = {0001-8708},
  pages    = {107548, 13},
  volume   = {379},
  doi      = {10.1016/j.aim.2020.107548},
  fjournal = {Advances in Mathematics},
  mrclass  = {28A80 (37C45)},
  mrnumber = {4202041},
  url      = {https://doi.org/10.1016/j.aim.2020.107548},
}

@Article{HochmanSolomyak2017,
  author     = {Hochman, Michael and Solomyak, Boris},
  journal    = {Invent. Math.},
  title      = {On the dimension of {F}urstenberg measure for {$SL_2(\Bbb R)$} random matrix products},
  year       = {2017},
  issn       = {0020-9910},
  number     = {3},
  pages      = {815--875},
  volume     = {210},
  doi        = {10.1007/s00222-017-0740-6},
  fjournal   = {Inventiones Mathematicae},
  mrclass    = {37C85 (37C45 37D25)},
  mrnumber   = {3735630},
  mrreviewer = {Bal\'{a}zs B\'{a}r\'{a}ny},
  url        = {https://doi.org/10.1007/s00222-017-0740-6},
}

@Article{Feng2003a,
  author     = {Feng, De-Jun},
  journal    = {Israel J. Math.},
  title      = {Lyapunov exponents for products of matrices and multifractal analysis. {I}. {P}ositive matrices},
  year       = {2003},
  issn       = {0021-2172},
  pages      = {353--376},
  volume     = {138},
  doi        = {10.1007/BF02783432},
  fjournal   = {Israel Journal of Mathematics},
  mrclass    = {37H15 (28A78 28A80 37C45)},
  mrnumber   = {2031963},
  mrreviewer = {Lars Olsen},
  url        = {https://doi.org/10.1007/BF02783432},
}

@Article{FengEtAl2015,
  author     = {Feng, De-Jun and Rao, Hui and Wang, Yang},
  journal    = {Adv. Math.},
  title      = {Self-similar subsets of the {C}antor set},
  year       = {2015},
  issn       = {0001-8708},
  pages      = {857--885},
  volume     = {281},
  doi        = {10.1016/j.aim.2015.06.002},
  fjournal   = {Advances in Mathematics},
  mrclass    = {28A80 (11K16)},
  mrnumber   = {3366855},
  mrreviewer = {Eino Vihtori Rossi},
  url        = {https://doi.org/10.1016/j.aim.2015.06.002},
}

@Book{Salem1963,
  author     = {Salem, Rapha\"{e}l},
  publisher  = {D. C. Heath and Co., Boston, Mass.},
  title      = {Algebraic numbers and {F}ourier analysis},
  year       = {1963},
  mrclass    = {10.33 (10.66)},
  mrnumber   = {0157941},
  mrreviewer = {G. M. Petersen},
  pages      = {x+68},
}

@Book{Bary1964,
  author     = {Bary, N. K.},
  publisher  = {The Macmillan Co., New York},
  title      = {A treatise on trigonometric series. {V}ols. {I}, {II}},
  year       = {1964},
  note       = {Authorized translation by Margaret F. Mullins},
  series     = {A Pergamon Press Book},
  mrclass    = {42.00},
  mrnumber   = {0171116},
  mrreviewer = {R. P. Boas, Jr.},
  pages      = {Vol. I: xxiii+553 pp. Vol. II: xix+508},
}

@Article{FalconerMarsh1992,
  author     = {Falconer, K. J. and Marsh, D. T.},
  journal    = {Mathematika},
  title      = {On the {L}ipschitz equivalence of {C}antor sets},
  year       = {1992},
  issn       = {0025-5793},
  number     = {2},
  pages      = {223--233},
  volume     = {39},
  doi        = {10.1112/S0025579300014959},
  fjournal   = {Mathematika. A Journal of Pure and Applied Mathematics},
  mrclass    = {28A80 (28A78)},
  mrnumber   = {1203278},
  mrreviewer = {Hermann Haase},
  url        = {https://doi.org/10.1112/S0025579300014959},
}

@Book{BishopPeres2017,
  author     = {Bishop, Christopher J. and Peres, Yuval},
  publisher  = {Cambridge University Press, Cambridge},
  title      = {Fractals in probability and analysis},
  year       = {2017},
  isbn       = {978-1-107-13411-9},
  series     = {Cambridge Studies in Advanced Mathematics},
  volume     = {162},
  doi        = {10.1017/9781316460238},
  mrclass    = {28A80 (28A75 60G17 60G18 60J10 60J65)},
  mrnumber   = {3616046},
  mrreviewer = {David A. Croydon},
  pages      = {ix+402},
  url        = {https://doi.org/10.1017/9781316460238},
}

@Article{Bourgain1987,
  author     = {Bourgain, J.},
  journal    = {Israel J. Math.},
  title      = {Ruzsa's problem on sets of recurrence},
  year       = {1987},
  issn       = {0021-2172},
  number     = {2},
  pages      = {150--166},
  volume     = {59},
  doi        = {10.1007/BF02787258},
  fjournal   = {Israel Journal of Mathematics},
  mrclass    = {11B75 (11B83 11K31)},
  mrnumber   = {920079},
  mrreviewer = {Zun Shan},
  url        = {https://doi.org/10.1007/BF02787258},
}

@Article{FengEtAl2014,
  author   = {Feng, De-Jun and Huang, Wen and Rao, Hui},
  journal  = {J. Math. Pures Appl. (9)},
  title    = {Affine embeddings and intersections of {C}antor sets},
  year     = {2014},
  issn     = {0021-7824},
  number   = {6},
  pages    = {1062--1079},
  volume   = {102},
  doi      = {10.1016/j.matpur.2014.03.003},
  fjournal = {Journal de Math\'{e}matiques Pures et Appliqu\'{e}es. Neuvi\`eme S\'{e}rie},
  mrclass  = {37D35 (28A75 37C45)},
  mrnumber = {3277435},
  url      = {https://doi.org/10.1016/j.matpur.2014.03.003},
}

@Misc{Varju2021,
  author        = {Péter P. Varjú},
  title         = {Self-similar sets and measures on the line},
  year          = {2021},
  archiveprefix = {arXiv},
  eprint        = {2109.10629},
  primaryclass  = {math.CA},
}

@Misc{BreuillardVarju2019a,
  author        = {Emmanuel Breuillard and Péter P. Varjú},
  title         = {Cut-off phenomenon for the ax+b Markov chain over a finite field},
  year          = {2019},
  archiveprefix = {arXiv},
  eprint        = {1909.09053},
  primaryclass  = {math.PR},
}

@Book{Kelley1975,
  author    = {Kelley, John L.},
  publisher = {Springer-Verlag, New York-Berlin},
  title     = {General topology},
  year      = {1975},
  note      = {Reprint of the 1955 edition [Van Nostrand, Toronto, Ont.]},
  series    = {Graduate Texts in Mathematics, No. 27},
  mrclass   = {54-XX},
  mrnumber  = {0370454},
  pages     = {xiv+298},
}

@Book{Conway1978,
  author     = {Conway, John B.},
  publisher  = {Springer-Verlag, New York-Berlin},
  title      = {Functions of one complex variable},
  year       = {1978},
  edition    = {Second},
  isbn       = {0-387-90328-3},
  series     = {Graduate Texts in Mathematics},
  volume     = {11},
  mrclass    = {30-01},
  mrnumber   = {503901},
  mrreviewer = {P. Lappan},
  pages      = {xiii+317},
}

@Book{Walters1982,
  author     = {Walters, Peter},
  publisher  = {Springer-Verlag, New York-Berlin},
  title      = {An introduction to ergodic theory},
  year       = {1982},
  isbn       = {0-387-90599-5},
  series     = {Graduate Texts in Mathematics},
  volume     = {79},
  mrclass    = {28Dxx (54H20 58F11)},
  mrnumber   = {648108},
  mrreviewer = {M. A. Akcoglu},
  pages      = {ix+250},
}

@Book{Halmos1998,
  author    = {Halmos, Paul R.},
  publisher = {AMS Chelsea Publishing, Providence, RI},
  title     = {Introduction to {H}ilbert space and the theory of spectral multiplicity},
  year      = {1998},
  isbn      = {0-8218-1378-1},
  note      = {Reprint of the second (1957) edition},
  mrclass   = {47-01 (46-01 47A10)},
  mrnumber  = {1653399},
  pages     = {114},
}

@Book{EvansGariepy2015,
  author    = {Evans, Lawrence C. and Gariepy, Ronald F.},
  publisher = {CRC Press, Boca Raton, FL},
  title     = {Measure theory and fine properties of functions},
  year      = {2015},
  edition   = {Revised},
  isbn      = {978-1-4822-4238-6},
  series    = {Textbooks in Mathematics},
  mrclass   = {28-01},
  mrnumber  = {3409135},
  pages     = {xiv+299},
}

@Article{Tanaka2019,
  author     = {Tanaka, Ryokichi},
  journal    = {Ergodic Theory Dynam. Systems},
  title      = {Dimension of harmonic measures in hyperbolic spaces},
  year       = {2019},
  issn       = {0143-3857},
  number     = {2},
  pages      = {474--499},
  volume     = {39},
  doi        = {10.1017/etds.2017.23},
  fjournal   = {Ergodic Theory and Dynamical Systems},
  mrclass    = {20F67 (28A78 28A80 31E05 37A35 60B05 60B15 60J50)},
  mrnumber   = {3893268},
  mrreviewer = {B. M. Gurevich},
  url        = {https://doi.org/10.1017/etds.2017.23},
}

@Article{Kenyon1997,
  author     = {Kenyon, Richard},
  journal    = {Israel J. Math.},
  title      = {Projecting the one-dimensional {S}ierpinski gasket},
  year       = {1997},
  issn       = {0021-2172},
  pages      = {221--238},
  volume     = {97},
  doi        = {10.1007/BF02774038},
  fjournal   = {Israel Journal of Mathematics},
  mrclass    = {28A05 (28A80)},
  mrnumber   = {1441250},
  mrreviewer = {Run Sheng Yang},
  url        = {https://doi.org/10.1007/BF02774038},
}

@Article{FengEtAl1997,
  author   = {Feng, Dejun and Wen, Zhiying and Wu, Jun},
  journal  = {Sci. China Ser. A},
  title    = {Some dimensional results for homogeneous {M}oran sets},
  year     = {1997},
  issn     = {1006-9283},
  number   = {5},
  pages    = {475--482},
  volume   = {40},
  doi      = {10.1007/BF02896955},
  fjournal = {Science in China. Series A. Mathematics},
  mrclass  = {28A78 (28A80)},
  mrnumber = {1461002},
  url      = {https://doi.org/10.1007/BF02896955},
}

@Misc{Morris2021,
  author        = {Ian D. Morris},
  title         = {When does an affine iterated function system preserve an affine subspace for all choices of translation vectors?},
  year          = {2021},
  archiveprefix = {arXiv},
  eprint        = {2111.02324},
  primaryclass  = {math.MG},
}

@Article{FengEtAl1997a,
  author   = {Feng, Dejun and Rao, Hui and Wu, Jun},
  journal  = {Progr. Natur. Sci. (English Ed.)},
  title    = {The net measure properties of symmetric {C}antor sets and their applications},
  year     = {1997},
  issn     = {1002-0071},
  number   = {2},
  pages    = {172--178},
  volume   = {7},
  fjournal = {Progress in Natural Science. English Edition},
  mrclass  = {28A78},
  mrnumber = {1459922},
}

@Article{Moran1946,
  author     = {Moran, P. A. P.},
  journal    = {Proc. Cambridge Philos. Soc.},
  title      = {Additive functions of intervals and {H}ausdorff measure},
  year       = {1946},
  issn       = {0008-1981},
  pages      = {15--23},
  volume     = {42},
  doi        = {10.1017/s0305004100022684},
  fjournal   = {Proceedings of the Cambridge Philosophical Society},
  mrclass    = {27.2X},
  mrnumber   = {14397},
  mrreviewer = {J. F. Randolph},
  url        = {https://doi.org/10.1017/s0305004100022684},
}

@Article{Schief1994,
  author     = {Schief, Andreas},
  journal    = {Proc. Amer. Math. Soc.},
  title      = {Separation properties for self-similar sets},
  year       = {1994},
  issn       = {0002-9939},
  number     = {1},
  pages      = {111--115},
  volume     = {122},
  doi        = {10.2307/2160849},
  fjournal   = {Proceedings of the American Mathematical Society},
  mrclass    = {28A80 (28A78)},
  mrnumber   = {1191872},
  mrreviewer = {M. Z\"{a}hle},
  url        = {https://doi.org/10.2307/2160849},
}

@InCollection{Bedford1991,
  author    = {Bedford, Tim},
  booktitle = {Fractal geometry and analysis ({M}ontreal, {PQ}, 1989)},
  publisher = {Kluwer Acad. Publ., Dordrecht},
  title     = {Applications of dynamical systems theory to fractals---a study of cookie-cutter {C}antor sets},
  year      = {1991},
  pages     = {1--44},
  series    = {NATO Adv. Sci. Inst. Ser. C: Math. Phys. Sci.},
  volume    = {346},
  doi       = {10.1098/rspa.1975.0163},
  mrclass   = {58F11 (28A78 28A80 58F13)},
  mrnumber  = {1140719},
  url       = {https://doi.org/10.1098/rspa.1975.0163},
}

@Article{FanLau1999,
  author   = {Fan, Ai Hua and Lau, Ka-Sing},
  journal  = {J. Math. Anal. Appl.},
  title    = {Iterated function system and {R}uelle operator},
  year     = {1999},
  issn     = {0022-247X},
  number   = {2},
  pages    = {319--344},
  volume   = {231},
  doi      = {10.1006/jmaa.1998.6210},
  fjournal = {Journal of Mathematical Analysis and Applications},
  mrclass  = {37A99 (28A80 37C30)},
  mrnumber = {1669203},
  url      = {https://doi.org/10.1006/jmaa.1998.6210},
}

@Book{Falconer1986,
  author     = {Falconer, K. J.},
  publisher  = {Cambridge University Press, Cambridge},
  title      = {The geometry of fractal sets},
  year       = {1986},
  isbn       = {0-521-25694-1; 0-521-33705-4},
  series     = {Cambridge Tracts in Mathematics},
  volume     = {85},
  mrclass    = {28-02 (28A99 60J65)},
  mrnumber   = {867284},
  mrreviewer = {K. E. Hirst},
  pages      = {xiv+162},
}

@Article{BandtGraf1992,
  author     = {Bandt, Christoph and Graf, Siegfried},
  journal    = {Proc. Amer. Math. Soc.},
  title      = {Self-similar sets. {VII}. {A} characterization of self-similar fractals with positive {H}ausdorff measure},
  year       = {1992},
  issn       = {0002-9939},
  number     = {4},
  pages      = {995--1001},
  volume     = {114},
  doi        = {10.2307/2159618},
  fjournal   = {Proceedings of the American Mathematical Society},
  mrclass    = {28A80 (58F08)},
  mrnumber   = {1100644},
  mrreviewer = {Tim Bedford},
  url        = {https://doi.org/10.2307/2159618},
}

@Article{FengLau2009,
  author     = {Feng, De-Jun and Lau, Ka-Sing},
  journal    = {J. Math. Pures Appl. (9)},
  title      = {Multifractal formalism for self-similar measures with weak separation condition},
  year       = {2009},
  issn       = {0021-7824},
  number     = {4},
  pages      = {407--428},
  volume     = {92},
  doi        = {10.1016/j.matpur.2009.05.009},
  fjournal   = {Journal de Math\'{e}matiques Pures et Appliqu\'{e}es. Neuvi\`eme S\'{e}rie},
  mrclass    = {28A80 (28A78)},
  mrnumber   = {2569186},
  mrreviewer = {Steffen Winter},
  url        = {https://doi.org/10.1016/j.matpur.2009.05.009},
}

@Article{Ruelle1982,
  author     = {Ruelle, David},
  journal    = {Ergodic Theory Dynam. Systems},
  title      = {Repellers for real analytic maps},
  year       = {1982},
  issn       = {0143-3857},
  number     = {1},
  pages      = {99--107},
  volume     = {2},
  doi        = {10.1017/s0143385700009603},
  fjournal   = {Ergodic Theory and Dynamical Systems},
  mrclass    = {58F15 (54H99 58F12)},
  mrnumber   = {684247},
  mrreviewer = {Caroline Series},
  url        = {https://doi.org/10.1017/s0143385700009603},
}

@Article{FanFeng2000,
  author   = {Fan, Ai-Hua and Feng, De-Jun},
  journal  = {J. Statist. Phys.},
  title    = {On the distribution of long-term time averages on symbolic space},
  year     = {2000},
  issn     = {0022-4715},
  number   = {3-4},
  pages    = {813--856},
  volume   = {99},
  doi      = {10.1023/A:1018643512559},
  fjournal = {Journal of Statistical Physics},
  mrclass  = {82B05 (37A60)},
  mrnumber = {1766907},
  url      = {https://doi.org/10.1023/A:1018643512559},
}

@Article{FanEtAl2001,
  author     = {Fan, Ai-Hua and Feng, De-Jun and Wu, Jun},
  journal    = {J. London Math. Soc. (2)},
  title      = {Recurrence, dimension and entropy},
  year       = {2001},
  issn       = {0024-6107},
  number     = {1},
  pages      = {229--244},
  volume     = {64},
  doi        = {10.1017/S0024610701002137},
  fjournal   = {Journal of the London Mathematical Society. Second Series},
  mrclass    = {37B40 (28A80 37A35 37C45 37D35)},
  mrnumber   = {1840781},
  mrreviewer = {J\'{e}r\^{o}me Buzzi},
  url        = {https://doi.org/10.1017/S0024610701002137},
}

@Article{Falconer1985,
  author     = {Falconer, K. J.},
  journal    = {Mathematika},
  title      = {On the {H}ausdorff dimensions of distance sets},
  year       = {1985},
  issn       = {0025-5793},
  number     = {2},
  pages      = {206--212 (1986)},
  volume     = {32},
  doi        = {10.1112/S0025579300010998},
  fjournal   = {Mathematika. A Journal of Pure and Applied Mathematics},
  mrclass    = {28A75 (28A05)},
  mrnumber   = {834490},
  mrreviewer = {S. J. Taylor},
  url        = {https://doi.org/10.1112/S0025579300010998},
}

@Article{Solomyak1998,
  author     = {Solomyak, Boris},
  journal    = {Math. Proc. Cambridge Philos. Soc.},
  title      = {Measure and dimension for some fractal families},
  year       = {1998},
  issn       = {0305-0041},
  number     = {3},
  pages      = {531--546},
  volume     = {124},
  doi        = {10.1017/S0305004198002680},
  fjournal   = {Mathematical Proceedings of the Cambridge Philosophical Society},
  mrclass    = {28A80 (28A78)},
  mrnumber   = {1636589},
  mrreviewer = {Andreas Schief},
  url        = {https://doi.org/10.1017/S0305004198002680},
}

@Book{Mattila2015,
  author     = {Mattila, Pertti},
  publisher  = {Cambridge University Press, Cambridge},
  title      = {Fourier analysis and {H}ausdorff dimension},
  year       = {2015},
  isbn       = {978-1-107-10735-9},
  series     = {Cambridge Studies in Advanced Mathematics},
  volume     = {150},
  doi        = {10.1017/CBO9781316227619},
  mrclass    = {28-02 (28A15 28A78 28A80 42B10 60J65)},
  mrnumber   = {3617376},
  mrreviewer = {Benjamin Steinhurst},
  pages      = {xiv+440},
  url        = {https://doi.org/10.1017/CBO9781316227619},
}

@Book{Rudin1987,
  author    = {Rudin, Walter},
  publisher = {McGraw-Hill Book Co., New York},
  title     = {Real and complex analysis},
  year      = {1987},
  edition   = {Third},
  isbn      = {0-07-054234-1},
  mrclass   = {00A05 (26-01 30-01 46-01)},
  mrnumber  = {924157},
  pages     = {xiv+416},
}

@Book{Rudin1976,
  author    = {Rudin, Walter},
  publisher = {McGraw-Hill Book Co., New York-Auckland-D\"{u}sseldorf},
  title     = {Principles of mathematical analysis},
  year      = {1976},
  edition   = {Third},
  series    = {International Series in Pure and Applied Mathematics},
  mrclass   = {26-02},
  mrnumber  = {0385023},
  pages     = {x+342},
}

@Article{PeresSchlag2000,
  author     = {Peres, Yuval and Schlag, Wilhelm},
  journal    = {Duke Math. J.},
  title      = {Smoothness of projections, {B}ernoulli convolutions, and the dimension of exceptions},
  year       = {2000},
  issn       = {0012-7094},
  number     = {2},
  pages      = {193--251},
  volume     = {102},
  doi        = {10.1215/S0012-7094-00-10222-0},
  fjournal   = {Duke Mathematical Journal},
  mrclass    = {42B25 (28A78)},
  mrnumber   = {1749437},
  mrreviewer = {Esa J\"{a}rvenp\"{a}\"{a}},
  url        = {https://doi.org/10.1215/S0012-7094-00-10222-0},
}

@Article{LagariasWang1996,
  author     = {Lagarias, Jeffrey C. and Wang, Yang},
  journal    = {Adv. Math.},
  title      = {Self-affine tiles in {${\bf R}^n$}},
  year       = {1996},
  issn       = {0001-8708},
  number     = {1},
  pages      = {21--49},
  volume     = {121},
  doi        = {10.1006/aima.1996.0045},
  fjournal   = {Advances in Mathematics},
  mrclass    = {52C22 (11A63)},
  mrnumber   = {1399601},
  mrreviewer = {Richard Kenyon},
  url        = {https://doi.org/10.1006/aima.1996.0045},
}

@Article{FalconerHowroyd1997,
  author     = {Falconer, K. J. and Howroyd, J. D.},
  journal    = {Math. Proc. Cambridge Philos. Soc.},
  title      = {Packing dimensions of projections and dimension profiles},
  year       = {1997},
  issn       = {0305-0041},
  number     = {2},
  pages      = {269--286},
  volume     = {121},
  doi        = {10.1017/S0305004196001375},
  fjournal   = {Mathematical Proceedings of the Cambridge Philosophical Society},
  mrclass    = {28A78},
  mrnumber   = {1426523},
  mrreviewer = {Irene Hueter},
  url        = {https://doi.org/10.1017/S0305004196001375},
}

@Article{BurrellEtAl2021,
  author     = {Burrell, Stuart A. and Falconer, Kenneth J. and Fraser, Jonathan M.},
  journal    = {J. Fractal Geom.},
  title      = {Projection theorems for intermediate dimensions},
  year       = {2021},
  issn       = {2308-1309},
  number     = {2},
  pages      = {95--116},
  volume     = {8},
  doi        = {10.4171/jfg/99},
  fjournal   = {Journal of Fractal Geometry. Mathematics of Fractals and Related Topics},
  mrclass    = {28A80},
  mrnumber   = {4261662},
  mrreviewer = {Yan-Song Fu},
  url        = {https://doi.org/10.4171/jfg/99},
}

@Article{Falconer2021,
  author     = {Falconer, Kenneth J.},
  journal    = {J. Fractal Geom.},
  title      = {A capacity approach to box and packing dimensions of projections of sets and exceptional directions},
  year       = {2021},
  issn       = {2308-1309},
  number     = {1},
  pages      = {1--26},
  volume     = {8},
  doi        = {10.4171/jfg/96},
  fjournal   = {Journal of Fractal Geometry. Mathematics of Fractals and Related Topics},
  mrclass    = {28A80 (28A12 31C45)},
  mrnumber   = {4226183},
  mrreviewer = {Raffaela Capitanelli},
  url        = {https://doi.org/10.4171/jfg/96},
}

@Article{KleptsynEtAl2022,
  author   = {Kleptsyn, V. and Pollicott, M. and Vytnova, P.},
  journal  = {Adv. Math.},
  title    = {Uniform lower bounds on the dimension of {B}ernoulli convolutions},
  year     = {2022},
  issn     = {0001-8708},
  pages    = {Paper No. 108090, 55},
  volume   = {395},
  doi      = {10.1016/j.aim.2021.108090},
  fjournal = {Advances in Mathematics},
  mrclass  = {11K55 (28A80 60B10)},
  mrnumber = {4363586},
}

@Article{Falconer1999,
  author     = {Falconer, K. J.},
  journal    = {Nonlinearity},
  title      = {Generalized dimensions of measures on self-affine sets},
  year       = {1999},
  issn       = {0951-7715},
  number     = {4},
  pages      = {877--891},
  volume     = {12},
  doi        = {10.1088/0951-7715/12/4/308},
  fjournal   = {Nonlinearity},
  mrclass    = {28A80 (37A99 37C45)},
  mrnumber   = {1709826},
  mrreviewer = {Irene Hueter},
  url        = {https://doi.org/10.1088/0951-7715/12/4/308},
}

@Article{PeresEtAl2000a,
  author     = {Peres, Yuval and Simon, K\'{a}roly and Solomyak, Boris},
  journal    = {Israel J. Math.},
  title      = {Self-similar sets of zero {H}ausdorff measure and positive packing measure},
  year       = {2000},
  issn       = {0021-2172},
  pages      = {353--379},
  volume     = {117},
  doi        = {10.1007/BF02773577},
  fjournal   = {Israel Journal of Mathematics},
  mrclass    = {28A80 (28A78 37C45)},
  mrnumber   = {1760599},
  mrreviewer = {Andreas Schief},
  url        = {https://doi.org/10.1007/BF02773577},
}

@Article{Gressman2019,
  author     = {Gressman, Philip T.},
  journal    = {Indiana Univ. Math. J.},
  title      = {Generalized curvature for certain {R}adon-like operators of intermediate dimension},
  year       = {2019},
  issn       = {0022-2518},
  number     = {1},
  pages      = {201--246},
  volume     = {68},
  doi        = {10.1512/iumj.2019.68.7562},
  fjournal   = {Indiana University Mathematics Journal},
  mrclass    = {42B25 (44A12 47B38 65R10)},
  mrnumber   = {3922044},
  mrreviewer = {Dachun Yang},
  url        = {https://doi.org/10.1512/iumj.2019.68.7562},
}

@Article{Burrell2021,
  author        = {Burrell, Stuart A.},
  journal       = {Journal of Theoretical Probability},
  title         = {Dimensions of Fractional Brownian Images},
  year          = {2021},
  abstract      = {This paper concerns the intermediate dimensions, a spectrum of dimensions that interpolate between the Hausdorff and box dimensions. Potential-theoretic methods are used to produce dimension bounds for images of sets under H{\"o}lder maps and certain stochastic processes. We apply this to compute the almost-sure value of the dimension of Borel sets under index-{\$}{\$}{$\backslash$}alpha {\$}{\$}fractional Brownian motion in terms of dimension profiles defined using capacities. As a corollary, this establishes continuity of the profiles for Borel sets and allows us to obtain an explicit condition showing how the Hausdorff dimension of a set may influence the typical box dimension of H{\"o}lder images such as projections. The methods used propose a general strategy for related problems; dimensional information about a set may be learned from analysing particular fractional Brownian images of that set. To conclude, we obtain bounds on the Hausdorff dimension of exceptional sets, with respect to intermediate dimensions, in the setting of projections.},
  bdsk-url-1    = {https://doi.org/10.1007/s10959-021-01131-3},
  da            = {2021/10/01},
  date-added    = {2022-10-08 15:35:58 +0800},
  date-modified = {2022-10-08 15:35:58 +0800},
  doi           = {10.1007/s10959-021-01131-3},
  id            = {Burrell2021},
  isbn          = {1572-9230},
  ty            = {JOUR},
  url           = {https://doi.org/10.1007/s10959-021-01131-3},
}

@Article{Kaufman1968,
  author    = {Kaufman, Robert},
  journal   = {Mathematika},
  title     = {On {H}ausdorff dimension of projections},
  year      = {1968},
  number    = {2},
  pages     = {153–155},
  volume    = {15},
  doi       = {10.1112/S0025579300002503},
  publisher = {London Mathematical Society},
}

@Article{Mattila1975,
  author     = {Mattila, Pertti},
  journal    = {Ann. Acad. Sci. Fenn. Ser. A I Math.},
  title      = {Hausdorff dimension, orthogonal projections and intersections with planes},
  year       = {1975},
  number     = {2},
  pages      = {227--244},
  volume     = {1},
  mrclass    = {28A75},
  mrnumber   = {0409774},
  mrreviewer = {W.P. Ziemer},
}

@Article{Falconer1982,
  author     = {Falconer, K. J.},
  journal    = {Mathematika},
  title      = {Hausdorff dimension and the exceptional set of projections},
  year       = {1982},
  issn       = {0025-5793},
  number     = {1},
  pages      = {109--115},
  volume     = {29},
  doi        = {10.1112/S0025579300012201},
  fjournal   = {Mathematika. A Journal of Pure and Applied Mathematics},
  mrclass    = {28A75 (53C65)},
  mrnumber   = {673510},
  mrreviewer = {K. E. Hirst},
  url        = {https://doi.org/10.1112/S0025579300012201},
}

@Article{FalconerEtAl2020,
  author     = {Falconer, Kenneth J. and Fraser, Jonathan M. and Kempton, Tom},
  journal    = {Math. Z.},
  title      = {Intermediate dimensions},
  year       = {2020},
  issn       = {0025-5874},
  number     = {1-2},
  pages      = {813--830},
  volume     = {296},
  doi        = {10.1007/s00209-019-02452-0},
  fjournal   = {Mathematische Zeitschrift},
  mrclass    = {28A80},
  mrnumber   = {4140764},
  mrreviewer = {Antti K\"{a}enm\"{a}ki},
  url        = {https://doi.org/10.1007/s00209-019-02452-0},
}

@InCollection{Falconer2021a,
  author    = {Falconer, Kenneth J.},
  booktitle = {Thermodynamic formalism},
  publisher = {Springer, Cham},
  title     = {Intermediate dimensions: a survey},
  year      = {2021},
  pages     = {469--493},
  series    = {Lecture Notes in Math.},
  volume    = {2290},
  mrclass   = {28A78},
  mrnumber  = {4436834},
}

@Article{FraserYu2018,
  author     = {Fraser, Jonathan M. and Yu, Han},
  journal    = {Adv. Math.},
  title      = {New dimension spectra: finer information on scaling and homogeneity},
  year       = {2018},
  issn       = {0001-8708},
  pages      = {273--328},
  volume     = {329},
  doi        = {10.1016/j.aim.2017.12.019},
  fjournal   = {Advances in Mathematics},
  mrclass    = {28A80 (26A21 28A78 30L05)},
  mrnumber   = {3783415},
  mrreviewer = {Jeremy T. Tyson},
  url        = {https://doi.org/10.1016/j.aim.2017.12.019},
}

@Book{Kahane1985,
  author     = {Kahane, Jean-Pierre},
  publisher  = {Cambridge University Press, Cambridge},
  title      = {Some random series of functions},
  year       = {1985},
  edition    = {Second},
  isbn       = {0-521-24966-X; 0-521-45602-9},
  series     = {Cambridge Studies in Advanced Mathematics},
  volume     = {5},
  mrclass    = {60G99 (42A61 60G15 60G17)},
  mrnumber   = {833073},
  mrreviewer = {Michael Marcus},
  pages      = {xiv+305},
}

@Article{Falconer2022,
  author   = {Falconer, Kenneth J.},
  journal  = {Statist. Probab. Lett.},
  title    = {Intermediate dimension of images of sequences under fractional {B}rownian motion},
  year     = {2022},
  issn     = {0167-7152},
  pages    = {Paper No. 109300, 6},
  volume   = {182},
  doi      = {10.1016/j.spl.2021.109300},
  fjournal = {Statistics \& Probability Letters},
  mrclass  = {Prelim},
  mrnumber = {4340821},
  url      = {https://doi.org/10.1016/j.spl.2021.109300},
}

@Article{Xiao1997,
  author   = {Xiao, Yimin},
  journal  = {Statist. Probab. Lett.},
  title    = {Packing dimension of the image of fractional {B}rownian motion},
  year     = {1997},
  issn     = {0167-7152},
  number   = {4},
  pages    = {379--387},
  volume   = {33},
  doi      = {10.1016/S0167-7152(96)00151-4},
  fjournal = {Statistics \& Probability Letters},
  mrclass  = {60G15 (60G17)},
  mrnumber = {1458008},
  url      = {https://doi.org/10.1016/S0167-7152(96)00151-4},
}

@Article{BaloghEtAl2012,
  author     = {Balogh, Zolt\'{a}n M. and F\"{a}ssler, Katrin and Mattila, Pertti and Tyson, Jeremy T.},
  journal    = {Adv. Math.},
  title      = {Projection and slicing theorems in {H}eisenberg groups},
  year       = {2012},
  issn       = {0001-8708},
  number     = {2},
  pages      = {569--604},
  volume     = {231},
  doi        = {10.1016/j.aim.2012.03.037},
  fjournal   = {Advances in Mathematics},
  mrclass    = {53C17 (28A78 31E05)},
  mrnumber   = {2955184},
  mrreviewer = {Davide Vittone},
  url        = {https://doi.org/10.1016/j.aim.2012.03.037},
}

@Article{BaloghEtAl2013,
  author     = {Balogh, Zolt\'{a}n M. and Durand-Cartagena, Estibalitz and F\"{a}ssler, Katrin and Mattila, Pertti and Tyson, Jeremy T.},
  journal    = {Rev. Mat. Iberoam.},
  title      = {The effect of projections on dimension in the {H}eisenberg group},
  year       = {2013},
  issn       = {0213-2230},
  number     = {2},
  pages      = {381--432},
  volume     = {29},
  doi        = {10.4171/RMI/725},
  fjournal   = {Revista Matem\'{a}tica Iberoamericana},
  mrclass    = {28A78 (28A80)},
  mrnumber   = {3047423},
  mrreviewer = {Artemi Berlinkov},
  url        = {https://doi.org/10.4171/RMI/725},
}

@Book{Barreira2011,
  author     = {Barreira, Luis},
  publisher  = {Birkh\"{a}user/Springer Basel AG, Basel},
  title      = {Thermodynamic formalism and applications to dimension theory},
  year       = {2011},
  isbn       = {978-3-0348-0205-5; 978-3-0348-0206-2},
  series     = {Progress in Mathematics},
  volume     = {294},
  doi        = {10.1007/978-3-0348-0206-2},
  mrclass    = {37-02 (37C45 37D35 80A10)},
  mrnumber   = {3024807},
  mrreviewer = {Thomas Michael Jordan},
  pages      = {xii+297},
  url        = {https://doi.org/10.1007/978-3-0348-0206-2},
}

@Article{FalconerHowroyd1996,
  author     = {Falconer, K. J. and Howroyd, J. D.},
  journal    = {Math. Proc. Cambridge Philos. Soc.},
  title      = {Projection theorems for box and packing dimensions},
  year       = {1996},
  issn       = {0305-0041},
  number     = {2},
  pages      = {287--295},
  volume     = {119},
  doi        = {10.1017/S0305004100074168},
  fjournal   = {Mathematical Proceedings of the Cambridge Philosophical Society},
  mrclass    = {28A75 (28A80)},
  mrnumber   = {1357045},
  mrreviewer = {Hermann Haase},
  url        = {https://doi.org/10.1017/S0305004100074168},
}

@InCollection{FalconerEtAl2015,
  author     = {Falconer, Kenneth J. and Fraser, Jonathan M. and Jin, Xiong},
  booktitle  = {Fractal geometry and stochastics {V}},
  publisher  = {Birkh\"{a}user/Springer, Cham},
  title      = {Sixty years of fractal projections},
  year       = {2015},
  pages      = {3--25},
  series     = {Progr. Probab.},
  volume     = {70},
  doi        = {10.1007/978-3-319-18660-3\_1},
  mrclass    = {28A80 (28A78)},
  mrnumber   = {3558147},
  mrreviewer = {Tushar Das},
  url        = {https://doi.org/10.1007/978-3-319-18660-3_1},
}

@Book{Federer1969,
  author     = {Federer, Herbert},
  publisher  = {Springer-Verlag New York, Inc., New York},
  title      = {Geometric measure theory},
  year       = {1969},
  series     = {Die Grundlehren der mathematischen Wissenschaften, Band 153},
  mrclass    = {28.80 (26.00)},
  mrnumber   = {0257325},
  mrreviewer = {J. E. Brothers},
  pages      = {xiv+676},
}

@Article{FaesslerOrponen2014,
  author     = {F\"{a}ssler, Katrin and Orponen, Tuomas},
  journal    = {Proc. Lond. Math. Soc. (3)},
  title      = {On restricted families of projections in {$\Bbb R^3$}},
  year       = {2014},
  issn       = {0024-6115},
  number     = {2},
  pages      = {353--381},
  volume     = {109},
  doi        = {10.1112/plms/pdu004},
  fjournal   = {Proceedings of the London Mathematical Society. Third Series},
  mrclass    = {28A80 (28A78 37C45)},
  mrnumber   = {3254928},
  mrreviewer = {Jonathan MacDonald Fraser},
  url        = {https://doi.org/10.1112/plms/pdu004},
}

@Article{Marstrand1954,
  author     = {Marstrand, J. M.},
  journal    = {Proc. London Math. Soc. (3)},
  title      = {Some fundamental geometrical properties of plane sets of fractional dimensions},
  year       = {1954},
  issn       = {0024-6115},
  pages      = {257--302},
  volume     = {4},
  doi        = {10.1112/plms/s3-4.1.257},
  fjournal   = {Proceedings of the London Mathematical Society. Third Series},
  mrclass    = {27.2X},
  mrnumber   = {63439},
  mrreviewer = {L. C. Young},
  url        = {https://doi.org/10.1112/plms/s3-4.1.257},
}

@Article{Orponen2013,
  author     = {Orponen, Tuomas},
  journal    = {Nonlinearity},
  title      = {On the packing measure of self-similar sets},
  year       = {2013},
  issn       = {0951-7715},
  number     = {11},
  pages      = {2929--2934},
  volume     = {26},
  doi        = {10.1088/0951-7715/26/11/2929},
  fjournal   = {Nonlinearity},
  mrclass    = {28A78 (37C45)},
  mrnumber   = {3129073},
  mrreviewer = {Zhi Wei Zhu},
  url        = {https://doi.org/10.1088/0951-7715/26/11/2929},
}

@Article{RamsSimon2015,
  author     = {Rams, Micha\l and Simon, K\'{a}roly},
  journal    = {Ergodic Theory Dynam. Systems},
  title      = {Projections of fractal percolations},
  year       = {2015},
  issn       = {0143-3857},
  number     = {2},
  pages      = {530--545},
  volume     = {35},
  doi        = {10.1017/etds.2013.45},
  fjournal   = {Ergodic Theory and Dynamical Systems},
  mrclass    = {37C45 (28A80 60K35)},
  mrnumber   = {3316924},
  mrreviewer = {Tomas Persson},
  url        = {https://doi.org/10.1017/etds.2013.45},
}

@Book{Ruelle2004,
  author    = {Ruelle, David},
  publisher = {Cambridge University Press, Cambridge},
  title     = {Thermodynamic formalism},
  year      = {2004},
  edition   = {Second},
  isbn      = {0-521-54649-4},
  note      = {The mathematical structures of equilibrium statistical mechanics},
  series    = {Cambridge Mathematical Library},
  doi       = {10.1017/CBO9780511617546},
  mrclass   = {82B05 (37A60 37D35 37N20 82-02)},
  mrnumber  = {2129258},
  pages     = {xx+174},
  url       = {https://doi.org/10.1017/CBO9780511617546},
}

@Article{Baranski2007,
  author     = {Bara\'{n}ski, Krzysztof},
  journal    = {Adv. Math.},
  title      = {Hausdorff dimension of the limit sets of some planar geometric constructions},
  year       = {2007},
  issn       = {0001-8708},
  number     = {1},
  pages      = {215--245},
  volume     = {210},
  doi        = {10.1016/j.aim.2006.06.005},
  fjournal   = {Advances in Mathematics},
  mrclass    = {28A80 (28A78)},
  mrnumber   = {2298824},
  mrreviewer = {Ville Suomala},
  url        = {https://doi.org/10.1016/j.aim.2006.06.005},
}

@Article{FengShmerkin2014,
  author   = {Feng, De-Jun and Shmerkin, Pablo},
  journal  = {Geom. Funct. Anal.},
  title    = {Non-conformal repellers and the continuity of pressure for matrix cocycles},
  year     = {2014},
  issn     = {1016-443X},
  number   = {4},
  pages    = {1101--1128},
  volume   = {24},
  doi      = {10.1007/s00039-014-0274-7},
  fjournal = {Geometric and Functional Analysis},
  mrclass  = {37B40 (28A78)},
  mrnumber = {3248481},
  url      = {https://doi.org/10.1007/s00039-014-0274-7},
}

@Article{Kaeenmaeki2004,
  author     = {K\"{a}enm\"{a}ki, Antti},
  journal    = {Ann. Acad. Sci. Fenn. Math.},
  title      = {On natural invariant measures on generalised iterated function systems},
  year       = {2004},
  issn       = {1239-629X},
  number     = {2},
  pages      = {419--458},
  volume     = {29},
  fjournal   = {Annales Academi\ae Scientiarum Fennic\ae . Mathematica},
  mrclass    = {37C45 (28A80 37A25 37D35)},
  mrnumber   = {2097242},
  mrreviewer = {Lars Olsen},
}

@Article{DeliuEtAl1991,
  author     = {Deliu, Anca and Geronimo, J. S. and Shonkwiler, R. and Hardin, D.},
  journal    = {Math. Proc. Cambridge Philos. Soc.},
  title      = {Dimensions associated with recurrent self-similar sets},
  year       = {1991},
  issn       = {0305-0041},
  number     = {2},
  pages      = {327--336},
  volume     = {110},
  doi        = {10.1017/S0305004100070407},
  fjournal   = {Mathematical Proceedings of the Cambridge Philosophical Society},
  mrclass    = {58F11 (26A18 28A80)},
  mrnumber   = {1113431},
  mrreviewer = {Tim Bedford},
  url        = {https://doi.org/10.1017/S0305004100070407},
}

@Article{FengEtAl2020,
  author     = {Feng, De-Jun and Lo, Chiu-Hong and Shen, Shuang},
  journal    = {Ergodic Theory Dynam. Systems},
  title      = {Uniformity of {L}yapunov exponents for non-invertible matrices},
  year       = {2020},
  issn       = {0143-3857},
  number     = {9},
  pages      = {2399--2433},
  volume     = {40},
  doi        = {10.1017/etds.2019.4},
  fjournal   = {Ergodic Theory and Dynamical Systems},
  mrclass    = {37H15 (28A80 37D25)},
  mrnumber   = {4130809},
  mrreviewer = {Zhenghe Zhang},
  url        = {https://doi.org/10.1017/etds.2019.4},
}

@Article{Feng2011,
  author     = {Feng, De-Jun},
  journal    = {Adv. Math.},
  title      = {Equilibrium states for factor maps between subshifts},
  year       = {2011},
  issn       = {0001-8708},
  number     = {3},
  pages      = {2470--2502},
  volume     = {226},
  doi        = {10.1016/j.aim.2010.09.012},
  fjournal   = {Advances in Mathematics},
  mrclass    = {37D35 (37A35 37B10)},
  mrnumber   = {2739782},
  mrreviewer = {Antti K\"{a}enm\"{a}ki},
  url        = {https://doi.org/10.1016/j.aim.2010.09.012},
}

@Article{KenyonPeres1996,
  author     = {Kenyon, R. and Peres, Y.},
  journal    = {Israel J. Math.},
  title      = {Hausdorff dimensions of sofic affine-invariant sets},
  year       = {1996},
  issn       = {0021-2172},
  pages      = {157--178},
  volume     = {94},
  doi        = {10.1007/BF02762702},
  fjournal   = {Israel Journal of Mathematics},
  mrclass    = {58F03 (28A78)},
  mrnumber   = {1394572},
  mrreviewer = {Lars Olsen},
  url        = {https://doi.org/10.1007/BF02762702},
}

@Article{KenyonPeres1996a,
  author     = {Kenyon, R. and Peres, Y.},
  journal    = {Ergodic Theory Dynam. Systems},
  title      = {Measures of full dimension on affine-invariant sets},
  year       = {1996},
  issn       = {0143-3857},
  number     = {2},
  pages      = {307--323},
  volume     = {16},
  doi        = {10.1017/S0143385700008828},
  fjournal   = {Ergodic Theory and Dynamical Systems},
  mrclass    = {28D20 (28A80 58F11)},
  mrnumber   = {1389626},
  mrreviewer = {F. M. Dekking},
  url        = {https://doi.org/10.1017/S0143385700008828},
}

@InCollection{BoylePetersen2011,
  author    = {Boyle, Mike and Petersen, Karl},
  booktitle = {Entropy of hidden {M}arkov processes and connections to dynamical systems},
  publisher = {Cambridge Univ. Press, Cambridge},
  title     = {Hidden {M}arkov processes in the context of symbolic dynamics},
  year      = {2011},
  pages     = {5--71},
  series    = {London Math. Soc. Lecture Note Ser.},
  volume    = {385},
  mrclass   = {60-02 (60B05 60G10 60J05 94A17)},
  mrnumber  = {2866664},
}

@InCollection{GatzourasPeres1996,
  author     = {Gatzouras, Dimitrios and Peres, Yuval},
  booktitle  = {Ergodic theory of {${\bf Z}^d$} actions ({W}arwick, 1993--1994)},
  publisher  = {Cambridge Univ. Press, Cambridge},
  title      = {The variational principle for {H}ausdorff dimension: a survey},
  year       = {1996},
  pages      = {113--125},
  series     = {London Math. Soc. Lecture Note Ser.},
  volume     = {228},
  doi        = {10.1017/CBO9780511662812.004},
  mrclass    = {28A78},
  mrnumber   = {1411217},
  mrreviewer = {Irene Hueter},
  url        = {https://doi.org/10.1017/CBO9780511662812.004},
}

@Article{Parry1964,
  author     = {Parry, William},
  journal    = {Trans. Amer. Math. Soc.},
  title      = {Intrinsic {M}arkov chains},
  year       = {1964},
  issn       = {0002-9947},
  pages      = {55--66},
  volume     = {112},
  doi        = {10.2307/1994009},
  fjournal   = {Transactions of the American Mathematical Society},
  mrclass    = {60.65},
  mrnumber   = {161372},
  mrreviewer = {H. P. Edmundson},
  url        = {https://doi.org/10.2307/1994009},
}

@Book{HardyWright2008,
  author    = {Hardy, G. H. and Wright, E. M.},
  publisher = {Oxford University Press, Oxford},
  title     = {An introduction to the theory of numbers},
  year      = {2008},
  edition   = {Sixth},
  isbn      = {978-0-19-921986-5},
  note      = {Revised by D. R. Heath-Brown and J. H. Silverman, With a foreword by Andrew Wiles},
  mrclass   = {11-01},
  mrnumber  = {2445243},
  pages     = {xxii+621},
}

@Article{Dekking1982,
  author     = {Dekking, F. M.},
  journal    = {Adv. in Math.},
  title      = {Recurrent sets},
  year       = {1982},
  issn       = {0001-8708},
  number     = {1},
  pages      = {78--104},
  volume     = {44},
  doi        = {10.1016/0001-8708(82)90066-4},
  fjournal   = {Advances in Mathematics},
  mrclass    = {52A45 (20M05 51G05 54H99)},
  mrnumber   = {654549},
  mrreviewer = {S. Milne},
  url        = {https://doi.org/10.1016/0001-8708(82)90066-4},
}

@Book{Billingsley1965,
  author     = {Billingsley, Patrick},
  publisher  = {John Wiley \& Sons, Inc., New York-London-Sydney},
  title      = {Ergodic theory and information},
  year       = {1965},
  mrclass    = {28.70},
  mrnumber   = {0192027},
  mrreviewer = {D. A. Darling},
  pages      = {xiii+195},
}

@Article{Falconer1992,
  author   = {Falconer, K. J.},
  journal  = {Math. Proc. Cambridge Philos. Soc.},
  title    = {The dimension of self-affine fractals. {II}},
  year     = {1992},
  issn     = {0305-0041},
  number   = {1},
  pages    = {169--179},
  volume   = {111},
  doi      = {10.1017/S0305004100075253},
  fjournal = {Mathematical Proceedings of the Cambridge Philosophical Society},
  mrclass  = {28A75 (28A80)},
  mrnumber = {1131488},
  url      = {https://doi.org/10.1017/S0305004100075253},
}

@Article{Furstenberg1967,
  author     = {Furstenberg, Harry},
  journal    = {Math. Systems Theory},
  title      = {Disjointness in ergodic theory, minimal sets, and a problem in {D}iophantine approximation},
  year       = {1967},
  issn       = {0025-5661},
  pages      = {1--49},
  volume     = {1},
  doi        = {10.1007/BF01692494},
  fjournal   = {Mathematical Systems Theory. An International Journal on Mathematical Computing Theory},
  mrclass    = {28.70 (10.00)},
  mrnumber   = {213508},
  mrreviewer = {W. Parry},
  url        = {https://doi.org/10.1007/BF01692494},
}

@Article{Peres1994,
  author     = {Peres, Yuval},
  journal    = {Math. Proc. Cambridge Philos. Soc.},
  title      = {The self-affine carpets of {M}c{M}ullen and {B}edford have infinite {H}ausdorff measure},
  year       = {1994},
  issn       = {0305-0041},
  number     = {3},
  pages      = {513--526},
  volume     = {116},
  doi        = {10.1017/S0305004100072789},
  fjournal   = {Mathematical Proceedings of the Cambridge Philosophical Society},
  mrclass    = {28A80 (58F11)},
  mrnumber   = {1291757},
  mrreviewer = {Tim Bedford},
  url        = {https://doi.org/10.1017/S0305004100072789},
}

@Article{BedfordUrbanski1990,
  author     = {Bedford, Tim and Urba\'{n}ski, Mariusz},
  journal    = {Ergodic Theory Dynam. Systems},
  title      = {The box and {H}ausdorff dimension of self-affine sets},
  year       = {1990},
  issn       = {0143-3857},
  number     = {4},
  pages      = {627--644},
  volume     = {10},
  doi        = {10.1017/S0143385700005812},
  fjournal   = {Ergodic Theory and Dynamical Systems},
  mrclass    = {58F11 (28A78 28D20 58F12)},
  mrnumber   = {1091418},
  mrreviewer = {Mark A. Shereshevsky},
  url        = {https://doi.org/10.1017/S0143385700005812},
}

@Article{LalleyGatzouras1992,
  author     = {Lalley, Steven P. and Gatzouras, Dimitrios},
  journal    = {Indiana Univ. Math. J.},
  title      = {Hausdorff and box dimensions of certain self-affine fractals},
  year       = {1992},
  issn       = {0022-2518},
  number     = {2},
  pages      = {533--568},
  volume     = {41},
  doi        = {10.1512/iumj.1992.41.41031},
  fjournal   = {Indiana University Mathematics Journal},
  mrclass    = {28A80},
  mrnumber   = {1183358},
  mrreviewer = {Miguel Angel Mart\'{\i}n},
  url        = {https://doi.org/10.1512/iumj.1992.41.41031},
}

@Article{KenyonPeres1991,
  author     = {Kenyon, Richard and Peres, Yuval},
  journal    = {Invent. Math.},
  title      = {Intersecting random translates of invariant {C}antor sets},
  year       = {1991},
  issn       = {0020-9910},
  number     = {3},
  pages      = {601--629},
  volume     = {104},
  doi        = {10.1007/BF01245092},
  fjournal   = {Inventiones Mathematicae},
  mrclass    = {28A80 (11K99)},
  mrnumber   = {1106751},
  mrreviewer = {Miguel Angel Mart\'{\i}n},
  url        = {https://doi.org/10.1007/BF01245092},
}

@Article{AlgoetCover1988,
  author   = {Algoet, Paul H. and Cover, Thomas M.},
  journal  = {Ann. Probab.},
  title    = {A sandwich proof of the {S}hannon-{M}c{M}illan-{B}reiman theorem},
  year     = {1988},
  issn     = {0091-1798},
  number   = {2},
  pages    = {899--909},
  volume   = {16},
  fjournal = {The Annals of Probability},
  mrclass  = {94A17 (28D20 60F15)},
  mrnumber = {929085},
  url      = {http://links.jstor.org/sici?sici=0091-1798(198804)16:2<899:ASPOTS>2.0.CO;2-M&origin=MSN},
}

@Article{MauldinWilliams1988,
  author     = {Mauldin, R. Daniel and Williams, S. C.},
  journal    = {Trans. Amer. Math. Soc.},
  title      = {Hausdorff dimension in graph directed constructions},
  year       = {1988},
  issn       = {0002-9947},
  number     = {2},
  pages      = {811--829},
  volume     = {309},
  doi        = {10.2307/2000940},
  fjournal   = {Transactions of the American Mathematical Society},
  mrclass    = {28A75},
  mrnumber   = {961615},
  mrreviewer = {K. J. Falconer},
  url        = {https://doi.org/10.2307/2000940},
}

@Article{BoyleEtAl1985,
  author     = {Boyle, Mike and Kitchens, Bruce and Marcus, Brian},
  journal    = {Proc. Amer. Math. Soc.},
  title      = {A note on minimal covers for sofic systems},
  year       = {1985},
  issn       = {0002-9939},
  number     = {3},
  pages      = {403--411},
  volume     = {95},
  doi        = {10.2307/2045810},
  fjournal   = {Proceedings of the American Mathematical Society},
  mrclass    = {54H20 (58F20)},
  mrnumber   = {806078},
  mrreviewer = {Karl Petersen},
  url        = {https://doi.org/10.2307/2045810},
}

@Article{FengHuang2010,
  author     = {Feng, De-Jun and Huang, Wen},
  journal    = {Comm. Math. Phys.},
  title      = {Lyapunov spectrum of asymptotically sub-additive potentials},
  year       = {2010},
  issn       = {0010-3616},
  number     = {1},
  pages      = {1--43},
  volume     = {297},
  doi        = {10.1007/s00220-010-1031-x},
  fjournal   = {Communications in Mathematical Physics},
  mrclass    = {37B40 (37A35 37C45 37D35)},
  mrnumber   = {2645746},
  mrreviewer = {Antti K\"{a}enm\"{a}ki},
  url        = {https://doi.org/10.1007/s00220-010-1031-x},
}

@Article{Bowen1970,
  author     = {Bowen, Rufus},
  journal    = {Amer. J. Math.},
  title      = {Markov partitions and minimal sets for {A}xiom {${\rm A}$} diffeomorphisms},
  year       = {1970},
  issn       = {0002-9327},
  pages      = {907--918},
  volume     = {92},
  doi        = {10.2307/2373402},
  fjournal   = {American Journal of Mathematics},
  mrclass    = {57.48},
  mrnumber   = {277002},
  mrreviewer = {M. Klingmann},
  url        = {https://doi.org/10.2307/2373402},
}

@Article{Bowen1970a,
  author     = {Bowen, Rufus},
  journal    = {Amer. J. Math.},
  title      = {Markov partitions for {A}xiom {${\rm A}$} diffeomorphisms},
  year       = {1970},
  issn       = {0002-9327},
  pages      = {725--747},
  volume     = {92},
  doi        = {10.2307/2373370},
  fjournal   = {American Journal of Mathematics},
  mrclass    = {57.48 (28.00)},
  mrnumber   = {277003},
  mrreviewer = {B. Weiss},
  url        = {https://doi.org/10.2307/2373370},
}

@Article{Bowen1972,
  author     = {Bowen, Rufus},
  journal    = {Amer. J. Math.},
  title      = {Periodic orbits for hyperbolic flows},
  year       = {1972},
  issn       = {0002-9327},
  pages      = {1--30},
  volume     = {94},
  doi        = {10.2307/2373590},
  fjournal   = {American Journal of Mathematics},
  mrclass    = {58F15},
  mrnumber   = {298700},
  mrreviewer = {Karl Sigmund},
  url        = {https://doi.org/10.2307/2373590},
}

@Article{Bowen1973,
  author     = {Bowen, Rufus},
  journal    = {Trans. Amer. Math. Soc.},
  title      = {Topological entropy for noncompact sets},
  year       = {1973},
  issn       = {0002-9947},
  pages      = {125--136},
  volume     = {184},
  doi        = {10.2307/1996403},
  fjournal   = {Transactions of the American Mathematical Society},
  mrclass    = {28A65 (54H20)},
  mrnumber   = {338317},
  mrreviewer = {Karl Sigmund},
  url        = {https://doi.org/10.2307/1996403},
}

@Article{Bowen1974/75,
  author     = {Bowen, Rufus},
  journal    = {Math. Systems Theory},
  title      = {Some systems with unique equilibrium states},
  year       = {1974/75},
  issn       = {0025-5661},
  number     = {3},
  pages      = {193--202},
  volume     = {8},
  doi        = {10.1007/BF01762666},
  fjournal   = {Mathematical Systems Theory. An International Journal on Mathematical Computing Theory},
  mrclass    = {28A65},
  mrnumber   = {399413},
  mrreviewer = {B. Weiss},
  url        = {https://doi.org/10.1007/BF01762666},
}

@Article{BowenRuelle1975,
  author     = {Bowen, Rufus and Ruelle, David},
  journal    = {Invent. Math.},
  title      = {The ergodic theory of {A}xiom {A} flows},
  year       = {1975},
  issn       = {0020-9910},
  number     = {3},
  pages      = {181--202},
  volume     = {29},
  doi        = {10.1007/BF01389848},
  fjournal   = {Inventiones Mathematicae},
  mrclass    = {58F15 (28A65)},
  mrnumber   = {380889},
  mrreviewer = {L. A. Bunimovich},
  url        = {https://doi.org/10.1007/BF01389848},
}

@Article{Bowen1979,
  author     = {Bowen, Rufus},
  journal    = {Comm. Math. Phys.},
  title      = {Invariant measures for {M}arkov maps of the interval},
  year       = {1979},
  issn       = {0010-3616},
  number     = {1},
  pages      = {1--17},
  volume     = {69},
  fjournal   = {Communications in Mathematical Physics},
  mrclass    = {28D05},
  mrnumber   = {547523},
  mrreviewer = {Peter Walters},
  url        = {http://projecteuclid.org/euclid.cmp/1103905400},
}

@Article{Bowen1979a,
  author     = {Bowen, Rufus},
  journal    = {Inst. Hautes \'{E}tudes Sci. Publ. Math.},
  title      = {Hausdorff dimension of quasicircles},
  year       = {1979},
  issn       = {0073-8301},
  number     = {50},
  pages      = {11--25},
  fjournal   = {Institut des Hautes \'{E}tudes Scientifiques. Publications Math\'{e}matiques},
  mrclass    = {57S05 (30C20 32G15 58F11)},
  mrnumber   = {556580},
  mrreviewer = {L. A. Bunimovich},
  url        = {http://www.numdam.org/item?id=PMIHES_1979__50__11_0},
}

@Article{FengHuang2016,
  author     = {Feng, De-Jun and Huang, Wen},
  journal    = {J. Math. Pures Appl. (9)},
  title      = {Variational principle for weighted topological pressure},
  year       = {2016},
  issn       = {0021-7824},
  number     = {3},
  pages      = {411--452},
  volume     = {106},
  doi        = {10.1016/j.matpur.2016.02.016},
  fjournal   = {Journal de Math\'{e}matiques Pures et Appliqu\'{e}es. Neuvi\`eme S\'{e}rie},
  mrclass    = {37D35 (37B40 37C45)},
  mrnumber   = {3520443},
  mrreviewer = {Zhiming Li},
  url        = {https://doi.org/10.1016/j.matpur.2016.02.016},
}

@Article{BarreiraEtAl1997,
  author     = {Barreira, Luis and Pesin, Yakov and Schmeling, J\"{o}rg},
  journal    = {Chaos},
  title      = {On a general concept of multifractality: multifractal spectra for dimensions, entropies, and {L}yapunov exponents. {M}ultifractal rigidity},
  year       = {1997},
  issn       = {1054-1500},
  number     = {1},
  pages      = {27--38},
  volume     = {7},
  doi        = {10.1063/1.166232},
  fjournal   = {Chaos. An Interdisciplinary Journal of Nonlinear Science},
  mrclass    = {58F11 (58F13 58F15)},
  mrnumber   = {1439805},
  mrreviewer = {Dieter H. Mayer},
  url        = {https://doi.org/10.1063/1.166232},
}

@Article{FanEtAl2008,
  author     = {Fan, Aihua and Liao, Lingmin and Peyri\`ere, Jacques},
  journal    = {Discrete Contin. Dyn. Syst.},
  title      = {Generic points in systems of specification and {B}anach valued {B}irkhoff ergodic average},
  year       = {2008},
  issn       = {1078-0947},
  number     = {4},
  pages      = {1103--1128},
  volume     = {21},
  doi        = {10.3934/dcds.2008.21.1103},
  fjournal   = {Discrete and Continuous Dynamical Systems. Series A},
  mrclass    = {37B40 (37A05 37B45 37C45)},
  mrnumber   = {2399452},
  mrreviewer = {Lars Olsen},
  url        = {https://doi.org/10.3934/dcds.2008.21.1103},
}

@Article{BarralFeng2012,
  author     = {Barral, Julien and Feng, De-Jun},
  journal    = {Asian J. Math.},
  title      = {Weighted thermodynamic formalism on subshifts and applications},
  year       = {2012},
  issn       = {1093-6106},
  number     = {2},
  pages      = {319--352},
  volume     = {16},
  doi        = {10.4310/AJM.2012.v16.n2.a8},
  fjournal   = {Asian Journal of Mathematics},
  mrclass    = {37D35 (37A25 37B10)},
  mrnumber   = {2916367},
  mrreviewer = {Alejandro Mario Mes\'{o}n},
  url        = {https://doi.org/10.4310/AJM.2012.v16.n2.a8},
}

@Article{MorrisSert2022,
  author    = {Ian D. Morris and {\c{C}}a{\u{g}}r{\i} Sert},
  journal   = {Journal of the European Mathematical Society},
  title     = {A converse statement to Hutchinson's theorem and a dimension gap for self-affine measures},
  year      = {2022},
  month     = {nov},
  doi       = {10.4171/jems/1276},
  publisher = {European Mathematical Society - {EMS} - Publishing House {GmbH}},
}

@Article{KaeenmaekiVilppolainen2010,
  author     = {K\"{a}enm\"{a}ki, Antti and Vilppolainen, Markku},
  journal    = {Monatsh. Math.},
  title      = {Dimension and measures on sub-self-affine sets},
  year       = {2010},
  issn       = {0026-9255},
  number     = {3},
  pages      = {271--293},
  volume     = {161},
  doi        = {10.1007/s00605-009-0144-9},
  fjournal   = {Monatshefte f\"{u}r Mathematik},
  mrclass    = {28A80 (37C45)},
  mrnumber   = {2726214},
  mrreviewer = {Jiri Fiser},
  url        = {https://doi.org/10.1007/s00605-009-0144-9},
}

@Article{JaervenpaeaeEtAl2014,
  author     = {J\"{a}rvenp\"{a}\"{a}, Esa and J\"{a}rvenp\"{a}\"{a}, Maarit and K\"{a}enm\"{a}ki, Antti and Koivusalo, Henna and Stenflo, \"{O}rjan and Suomala, Ville},
  journal    = {Ergodic Theory Dynam. Systems},
  title      = {Dimensions of random affine code tree fractals},
  year       = {2014},
  issn       = {0143-3857},
  number     = {3},
  pages      = {854--875},
  volume     = {34},
  doi        = {10.1017/etds.2012.168},
  fjournal   = {Ergodic Theory and Dynamical Systems},
  mrclass    = {28A80 (37A05 37C45)},
  mrnumber   = {3199797},
  mrreviewer = {Artemi Berlinkov},
  url        = {https://doi.org/10.1017/etds.2012.168},
}

@Misc{PramanikEtAl2022,
  author        = {Malabika Pramanik and Tongou Yang and Joshua Zahl},
  title         = {A Furstenberg-type problem for circles, and a Kaufman-type restricted projection theorem in $\mathbb{R}^3$},
  year          = {2022},
  archiveprefix = {arXiv},
  eprint        = {2207.02259},
  primaryclass  = {math.CA},
}

@Misc{BanajiKolossvary2021,
  author        = {Amlan Banaji and István Kolossváry},
  title         = {Intermediate dimensions of Bedford-McMullen carpets with applications to Lipschitz equivalence},
  year          = {2021},
  archiveprefix = {arXiv},
  eprint        = {2111.05625},
  primaryclass  = {math.DS},
}

@Article{Fraser2021,
  author     = {Fraser, Jonathan M.},
  journal    = {Nonlinearity},
  title      = {On {H}\"{o}lder solutions to the spiral winding problem},
  year       = {2021},
  issn       = {0951-7715},
  number     = {5},
  pages      = {3251--3270},
  volume     = {34},
  doi        = {10.1088/1361-6544/abe75e},
  fjournal   = {Nonlinearity},
  mrclass    = {28A80 (26A16 28A78 30L10)},
  mrnumber   = {4260794},
  mrreviewer = {Sylvester Eriksson-Bique},
  url        = {https://doi.org/10.1088/1361-6544/abe75e},
}

@InCollection{Falconer2020,
  author    = {Falconer, K. J.},
  booktitle = {Analysis, probability and mathematical physics on fractals},
  publisher = {World Sci. Publ., Hackensack, NJ},
  title     = {A capacity approach to box and packing dimensions of projections and other images},
  year      = {2020},
  pages     = {1--19},
  series    = {Fractals Dyn. Math. Sci. Arts Theory Appl.},
  volume    = {5},
  mrclass   = {28A78 (28A12 28A75)},
  mrnumber  = {4472245},
}

@Article{Fuglede1960,
  author     = {Fuglede, Bent},
  journal    = {Acta Math.},
  title      = {On the theory of potentials in locally compact spaces},
  year       = {1960},
  issn       = {0001-5962},
  pages      = {139--215},
  volume     = {103},
  doi        = {10.1007/BF02546356},
  fjournal   = {Acta Mathematica},
  mrclass    = {31.00 (28.00)},
  mrnumber   = {117453},
  mrreviewer = {M. Ohtsuka},
  url        = {https://doi.org/10.1007/BF02546356},
}

@Article{Hochman2014a,
  author   = {Hochman, Michael},
  journal  = {J. Mod. Dyn.},
  title    = {Lectures on dynamics, fractal geometry, and metric number theory},
  year     = {2014},
  issn     = {1930-5311},
  number   = {3-4},
  pages    = {437--497},
  volume   = {8},
  doi      = {10.3934/jmd.2014.8.437},
  fjournal = {Journal of Modern Dynamics},
  mrclass  = {28A80 (37F99)},
  mrnumber = {3345838},
  url      = {https://doi.org/10.3934/jmd.2014.8.437},
}

@Book{Morandi1996,
  author    = {Patrick Morandi},
  publisher = {Springer New York},
  title     = {Field and Galois Theory},
  year      = {1996},
  doi       = {10.1007/978-1-4612-4040-2},
}

@Article{Rapaport2022,
  author     = {Rapaport, Ariel},
  journal    = {Ann. Sci. \'{E}c. Norm. Sup\'{e}r. (4)},
  title      = {Proof of the exact overlaps conjecture for systems with algebraic contractions},
  year       = {2022},
  issn       = {0012-9593,1873-2151},
  number     = {5},
  pages      = {1357--1377},
  volume     = {55},
  fjournal   = {Annales Scientifiques de l'\'{E}cole Normale Sup\'{e}rieure. Quatri\`eme S\'{e}rie},
  mrclass    = {28A80},
  mrnumber   = {4517689},
  mrreviewer = {Manuel\ Mor\'{a}n},
}

@Article{LueWu2016,
  author     = {L\"{u}, Fan and Wu, Jun},
  journal    = {Adv. Math.},
  title      = {Diophantine analysis in beta-dynamical systems and {H}ausdorff dimensions},
  year       = {2016},
  issn       = {0001-8708,1090-2082},
  pages      = {919--937},
  volume     = {290},
  doi        = {10.1016/j.aim.2015.12.016},
  fjournal   = {Advances in Mathematics},
  mrclass    = {11K55 (28A80)},
  mrnumber   = {3451942},
  mrreviewer = {Lars\ Olsen},
  url        = {https://doi.org/10.1016/j.aim.2015.12.016},
}

@Article{HochmanShmerkin2015,
  author     = {Hochman, Michael and Shmerkin, Pablo},
  journal    = {Invent. Math.},
  title      = {Equidistribution from fractal measures},
  year       = {2015},
  issn       = {0020-9910,1432-1297},
  number     = {1},
  pages      = {427--479},
  volume     = {202},
  doi        = {10.1007/s00222-014-0573-5},
  fjournal   = {Inventiones Mathematicae},
  mrclass    = {28A80 (11A63 11K16 28D05)},
  mrnumber   = {3402802},
  mrreviewer = {William\ Cole\ Abram},
  url        = {https://doi.org/10.1007/s00222-014-0573-5},
}

@Article{FengFeng2022,
  author     = {Feng, De-Jun and Feng, Zhou},
  journal    = {J. Lond. Math. Soc. (2)},
  title      = {Estimates on the dimension of self-similar measures with overlaps},
  year       = {2022},
  issn       = {0024-6107,1469-7750},
  number     = {4},
  pages      = {2104--2135},
  volume     = {105},
  doi        = {10.1112/jlms.12555},
  fjournal   = {Journal of the London Mathematical Society. Second Series},
  mrclass    = {28A75 (11K16 28A80 37A35)},
  mrnumber   = {4440532},
  mrreviewer = {Yu-Feng\ Wu},
  url        = {https://doi.org/10.1112/jlms.12555},
}

@Misc{FengFeng2022a,
  author        = {De-Jun Feng and Zhou Feng},
  note          = {To appear in {\em Asian J. Math.}},
  title         = {Typical self-affine sets with non-empty interior},
  year          = {2022},
  archiveprefix = {arXiv},
  eprint        = {2209.09126},
  primaryclass  = {math.CA},
}

@Misc{Feng2023,
  author        = {Zhou Feng},
  title         = {Intermediate dimensions under self-affine codings},
  year          = {2023},
  archiveprefix = {arXiv},
  eprint        = {2305.06991},
  primaryclass  = {math.CA},
}

@Article{FengEtAl2023,
  author   = {Feng, De-Jun and Lo, Chiu-Hong and Ma, Cai-Yun},
  journal  = {Adv. Math.},
  title    = {Dimensions of projected sets and measures on typical self-affine sets},
  year     = {2023},
  issn     = {0001-8708,1090-2082},
  pages    = {Paper No. 109237, 62},
  volume   = {431},
  doi      = {10.1016/j.aim.2023.109237},
  fjournal = {Advances in Mathematics},
  mrclass  = {28A80 (31A15 37C45 60B05)},
  mrnumber = {4624872},
  url      = {https://doi.org/10.1016/j.aim.2023.109237},
}

@Article{Bedford1984,
  author  = {Bedford, Tim},
  journal = {University of Warwick},
  title   = {Crinkly curves, Markov partitions and dimension},
  year    = {1984},
}

@Article{Feng2023a,
  author   = {Feng, De-Jun},
  journal  = {Duke Math. J.},
  title    = {Dimension of invariant measures for affine iterated function systems},
  year     = {2023},
  issn     = {0012-7094,1547-7398},
  number   = {4},
  pages    = {701--774},
  volume   = {172},
  doi      = {10.1215/00127094-2022-0014},
  fjournal = {Duke Mathematical Journal},
  mrclass  = {28A80 (37C40)},
  mrnumber = {4557759},
  url      = {https://doi.org/10.1215/00127094-2022-0014},
}

@Article{Falconer2023,
  author  = {Falconer, Kenneth},
  journal = {Fractal Geometry Workshop, ICMS Edinburgh},
  title   = {Some Problems in Fractal Geometry},
  year    = {2023},
}

@Misc{BaranyEtAl2023,
  author        = {Balázs Bárány and Antti Käenmäki and Aleksi Pyörälä and Meng Wu},
  title         = {Scaling limits of self-conformal measures},
  year          = {2023},
  archiveprefix = {arXiv},
  eprint        = {2308.11399},
  primaryclass  = {math.DS},
}

@Article{Wu2023,
  author = {Meng Wu},
  title  = {Private communication},
  year   = {2023},
}

@Article{Feng2021,
  author = {Feng, De-Jun},
  title  = {Private communication},
  year   = {2021},
}

@Article{FengFengEOC23,
  author = {Feng, De-Jun and Feng, Zhou},
  title  = {Work in preparation},
}

@Article{FengSubshift23,
  author = {Feng, Zhou},
  title  = {Work in progress},
}

@Article{Feng-nTF23,
  author = {Feng, Zhou},
  title  = {A note on the thermodynamic formalism},
  year   = {2023},
  note   = {\href{https://zfengg.github.io/assets/notes/nTF.pdf}{https://zfengg.github.io/assets/notes/nTF.pdf}},
}

@Article{Feng2004,
  author     = {Feng, De-Jun},
  journal    = {Nonlinearity},
  title      = {The variational principle for products of non-negative matrices},
  year       = {2004},
  issn       = {0951-7715,1361-6544},
  number     = {2},
  pages      = {447--457},
  volume     = {17},
  doi        = {10.1088/0951-7715/17/2/004},
  fjournal   = {Nonlinearity},
  mrclass    = {37D35 (34D08 37A99)},
  mrnumber   = {2039051},
  mrreviewer = {Krerley\ Oliveira},
  url        = {https://doi.org/10.1088/0951-7715/17/2/004},
}

@Article{LauNgai1999,
  author     = {Lau, Ka-Sing and Ngai, Sze-Man},
  journal    = {Adv. Math.},
  title      = {Multifractal measures and a weak separation condition},
  year       = {1999},
  issn       = {0001-8708,1090-2082},
  number     = {1},
  pages      = {45--96},
  volume     = {141},
  doi        = {10.1006/aima.1998.1773},
  fjournal   = {Advances in Mathematics},
  mrclass    = {28A80 (37A99 37C99)},
  mrnumber   = {1667146},
  mrreviewer = {M.\ Z\"{a}hle},
  url        = {https://doi.org/10.1006/aima.1998.1773},
}

@Article{FengSimon2023,
  author   = {Feng, De-Jun and Simon, K\'{a}roly},
  journal  = {Ergodic Theory Dynam. Systems},
  title    = {Dimension estimates for {$C^1$} iterated function systems and repellers. {P}art {I}},
  year     = {2023},
  issn     = {0143-3857,1469-4417},
  number   = {8},
  pages    = {2673--2706},
  volume   = {43},
  doi      = {10.1017/etds.2022.41},
  fjournal = {Ergodic Theory and Dynamical Systems},
  mrclass  = {37C45 (28A80)},
  mrnumber = {4611746},
  url      = {https://doi.org/10.1017/etds.2022.41},
}

@Article{FengWu2021,
  author     = {Feng, De-Jun and Wu, Yu-Feng},
  journal    = {J. Lond. Math. Soc. (2)},
  title      = {On arithmetic sums of fractal sets in {$\Bbb R^d$}},
  year       = {2021},
  issn       = {0024-6107,1469-7750},
  number     = {1},
  pages      = {35--65},
  volume     = {104},
  doi        = {10.1112/jlms.12422},
  fjournal   = {Journal of the London Mathematical Society. Second Series},
  mrclass    = {28A75 (28A80 28A99)},
  mrnumber   = {4313239},
  mrreviewer = {Antti\ K\"{a}enm\"{a}ki},
  url        = {https://doi.org/10.1112/jlms.12422},
}

@Article{BarralFeng2021a,
  author   = {Barral, Julien and Feng, De-Jun},
  journal  = {J. Math. Pures Appl. (9)},
  title    = {Dimensions of random statistically self-affine {S}ierpinski sponges in {$\Bbb R^k$}},
  year     = {2021},
  issn     = {0021-7824,1776-3371},
  pages    = {254--303},
  volume   = {149},
  doi      = {10.1016/j.matpur.2021.02.003},
  fjournal = {Journal de Math\'{e}matiques Pures et Appliqu\'{e}es. Neuvi\`eme S\'{e}rie},
  mrclass  = {28A78 (28A80 60F10 60G42 60G57 60K40)},
  mrnumber = {4239002},
  url      = {https://doi.org/10.1016/j.matpur.2021.02.003},
}

@Article{FengXiong2018,
  author   = {Feng, De-Jun and Xiong, Ying},
  journal  = {Israel J. Math.},
  title    = {Affine embeddings of {C}antor sets and dimension of {$\alpha\beta$}-sets},
  year     = {2018},
  issn     = {0021-2172,1565-8511},
  number   = {2},
  pages    = {805--826},
  volume   = {226},
  doi      = {10.1007/s11856-018-1713-1},
  fjournal = {Israel Journal of Mathematics},
  mrclass  = {28A80},
  mrnumber = {3819710},
  url      = {https://doi.org/10.1007/s11856-018-1713-1},
}

@Article{FengKaeenmaeki2018,
  author     = {Feng, De-Jun and K\"{a}enm\"{a}ki, Antti},
  journal    = {Ann. Acad. Sci. Fenn. Math.},
  title      = {Self-affine sets in analytic curves and algebraic surfaces},
  year       = {2018},
  issn       = {1239-629X,1798-2383},
  number     = {1},
  pages      = {109--119},
  volume     = {43},
  doi        = {10.5186/aasfm.2018.4306},
  fjournal   = {Annales Academi\ae Scientiarum Fennic\ae . Mathematica},
  mrclass    = {28A80 (14A25 32C25)},
  mrnumber   = {3753164},
  mrreviewer = {Jonathan\ MacDonald\ Fraser},
  url        = {https://doi.org/10.5186/aasfm.2018.4306},
}

@Article{BarralFeng2018,
  author   = {Barral, Julien and Feng, De-Jun},
  journal  = {Adv. Math.},
  title    = {Projections of planar {M}andelbrot random measures},
  year     = {2018},
  issn     = {0001-8708,1090-2082},
  pages    = {640--718},
  volume   = {325},
  doi      = {10.1016/j.aim.2017.12.008},
  fjournal = {Advances in Mathematics},
  mrclass  = {28A78 (28A80 60F10 60G42 60G57 60K40)},
  mrnumber = {3742600},
  url      = {https://doi.org/10.1016/j.aim.2017.12.008},
}

@Article{Feng2016,
  author     = {Feng, De-Jun},
  journal    = {J. Eur. Math. Soc. (JEMS)},
  title      = {On the topology of polynomials with bounded integer coefficients},
  year       = {2016},
  issn       = {1435-9855,1435-9863},
  number     = {1},
  pages      = {181--193},
  volume     = {18},
  doi        = {10.4171/JEMS/587},
  fjournal   = {Journal of the European Mathematical Society (JEMS)},
  mrclass    = {11J17 (11K16 28A80)},
  mrnumber   = {3438383},
  mrreviewer = {Robert\ F.\ Tichy},
  url        = {https://doi.org/10.4171/JEMS/587},
}

@Article{FengEtAl2013,
  author   = {Feng, De-Jun and K\"{a}enm\"{a}ki, Antti and Suomala, Ville},
  journal  = {Math. Proc. Cambridge Philos. Soc.},
  title    = {Local conical dimensions for measures},
  year     = {2013},
  issn     = {0305-0041,1469-8064},
  number   = {3},
  pages    = {465--479},
  volume   = {154},
  doi      = {10.1017/S0305004113000066},
  fjournal = {Mathematical Proceedings of the Cambridge Philosophical Society},
  mrclass  = {28A78},
  mrnumber = {3044210},
  url      = {https://doi.org/10.1017/S0305004113000066},
}

@Article{FengHuang2012,
  author     = {Feng, De-Jun and Huang, Wen},
  journal    = {J. Funct. Anal.},
  title      = {Variational principles for topological entropies of subsets},
  year       = {2012},
  issn       = {0022-1236,1096-0783},
  number     = {8},
  pages      = {2228--2254},
  volume     = {263},
  doi        = {10.1016/j.jfa.2012.07.010},
  fjournal   = {Journal of Functional Analysis},
  mrclass    = {37B40 (28D20 54H20)},
  mrnumber   = {2964682},
  mrreviewer = {Vaughn\ Climenhaga},
  url        = {https://doi.org/10.1016/j.jfa.2012.07.010},
}

@Article{Feng2012,
  author     = {Feng, De-Jun},
  journal    = {Adv. Math.},
  title      = {Multifractal analysis of {B}ernoulli convolutions associated with {S}alem numbers},
  year       = {2012},
  issn       = {0001-8708,1090-2082},
  number     = {5},
  pages      = {3052--3077},
  volume     = {229},
  doi        = {10.1016/j.aim.2011.11.006},
  fjournal   = {Advances in Mathematics},
  mrclass    = {28A80 (11K16 28A78)},
  mrnumber   = {2889154},
  mrreviewer = {St\'{e}phane\ Seuret},
  url        = {https://doi.org/10.1016/j.aim.2011.11.006},
}

@Article{BarralFeng2011,
  author     = {Barral, Julien and Feng, De-Jun},
  journal    = {Nonlinearity},
  title      = {Non-uniqueness of ergodic measures with full {H}ausdorff dimensions on a {G}atzouras-{L}alley carpet},
  year       = {2011},
  issn       = {0951-7715,1361-6544},
  number     = {9},
  pages      = {2563--2567},
  volume     = {24},
  doi        = {10.1088/0951-7715/24/9/010},
  fjournal   = {Nonlinearity},
  mrclass    = {37D35 (28A78 37A35)},
  mrnumber   = {2824021},
  mrreviewer = {Antti\ K\"{a}enm\"{a}ki},
  url        = {https://doi.org/10.1088/0951-7715/24/9/010},
}

@Article{FengKaeenmaeki2011,
  author     = {Feng, De-Jun and K\"{a}enm\"{a}ki, Antti},
  journal    = {Discrete Contin. Dyn. Syst.},
  title      = {Equilibrium states of the pressure function for products of matrices},
  year       = {2011},
  issn       = {1078-0947,1553-5231},
  number     = {3},
  pages      = {699--708},
  volume     = {30},
  doi        = {10.3934/dcds.2011.30.699},
  fjournal   = {Discrete and Continuous Dynamical Systems. Series A},
  mrclass    = {37D35 (28D20 37H15)},
  mrnumber   = {2784616},
  mrreviewer = {Jean-Baptiste\ Bardet},
  url        = {https://doi.org/10.3934/dcds.2011.30.699},
}

@Article{FengSidorov2011,
  author     = {Feng, De-Jun and Sidorov, Nikita},
  journal    = {Monatsh. Math.},
  title      = {Growth rate for beta-expansions},
  year       = {2011},
  issn       = {0026-9255,1436-5081},
  number     = {1},
  pages      = {41--60},
  volume     = {162},
  doi        = {10.1007/s00605-010-0192-1},
  fjournal   = {Monatshefte f\"{u}r Mathematik},
  mrclass    = {11K16 (11A63 28D05 42A85)},
  mrnumber   = {2747343},
  mrreviewer = {Thomas\ Ward},
  url        = {https://doi.org/10.1007/s00605-010-0192-1},
}

@Article{FengWang2009,
  author     = {Feng, De-Jun and Wang, Yang},
  journal    = {Adv. Math.},
  title      = {On the structures of generating iterated function systems of {C}antor sets},
  year       = {2009},
  issn       = {0001-8708,1090-2082},
  number     = {6},
  pages      = {1964--1981},
  volume     = {222},
  doi        = {10.1016/j.aim.2009.06.022},
  fjournal   = {Advances in Mathematics},
  mrclass    = {28A80 (28A78)},
  mrnumber   = {2562770},
  mrreviewer = {Miguel\ Angel\ Mart\'{\i}n},
  url        = {https://doi.org/10.1016/j.aim.2009.06.022},
}

@Article{Feng2009,
  author     = {Feng, De-Jun},
  journal    = {Israel J. Math.},
  title      = {Lyapunov exponents for products of matrices and multifractal analysis. {II}. {G}eneral matrices},
  year       = {2009},
  issn       = {0021-2172,1565-8511},
  pages      = {355--394},
  volume     = {170},
  doi        = {10.1007/s11856-009-0033-x},
  fjournal   = {Israel Journal of Mathematics},
  mrclass    = {37H15 (28A78 28A80 37C45)},
  mrnumber   = {2506331},
  mrreviewer = {Lars\ Olsen},
  url        = {https://doi.org/10.1007/s11856-009-0033-x},
}

@Article{FengShu2009,
  author     = {Feng, De-Jun and Shu, Lin},
  journal    = {Ergodic Theory Dynam. Systems},
  title      = {Multifractal analysis for disintegrations of {G}ibbs measures and conditional {B}irkhoff averages},
  year       = {2009},
  issn       = {0143-3857,1469-4417},
  number     = {3},
  pages      = {885--918},
  volume     = {29},
  doi        = {10.1017/S0143385708000655},
  fjournal   = {Ergodic Theory and Dynamical Systems},
  mrclass    = {37C45 (28A50 28A78 37D20 37D35)},
  mrnumber   = {2505321},
  mrreviewer = {Lars\ Olsen},
  url        = {https://doi.org/10.1017/S0143385708000655},
}

@InCollection{FengLau[2003],
  author     = {Feng, De-Jun and Lau, Ka-Sing},
  booktitle  = {Complex dynamics and related topics: lectures from the {M}orningside {C}enter of {M}athematics},
  publisher  = {Int. Press, Somerville, MA},
  title      = {Differentiability of pressure functions for products of non-negative matrices},
  year       = {[2003]},
  isbn       = {1-57146-121-3},
  pages      = {129--146},
  series     = {New Stud. Adv. Math.},
  volume     = {5},
  mrclass    = {37D35 (28A78 28A80 37B10)},
  mrnumber   = {2504312},
  mrreviewer = {Tomas\ Persson},
}

@Article{DaiEtAl2007,
  author     = {Dai, Xin-Rong and Feng, De-Jun and Wang, Yang},
  journal    = {J. Funct. Anal.},
  title      = {Refinable functions with non-integer dilations},
  year       = {2007},
  issn       = {0022-1236,1096-0783},
  number     = {1},
  pages      = {1--20},
  volume     = {250},
  doi        = {10.1016/j.jfa.2007.02.005},
  fjournal   = {Journal of Functional Analysis},
  mrclass    = {42C40 (60G99)},
  mrnumber   = {2345903},
  mrreviewer = {Sandra\ Saliani},
  url        = {https://doi.org/10.1016/j.jfa.2007.02.005},
}

@Article{Feng2007,
  author     = {Feng, De-Jun},
  journal    = {Ergodic Theory Dynam. Systems},
  title      = {Gibbs properties of self-conformal measures and the multifractal formalism},
  year       = {2007},
  issn       = {0143-3857,1469-4417},
  number     = {3},
  pages      = {787--812},
  volume     = {27},
  doi        = {10.1017/S0143385706000952},
  fjournal   = {Ergodic Theory and Dynamical Systems},
  mrclass    = {37C45 (28A78 28A80 37D20 37D35)},
  mrnumber   = {2322179},
  mrreviewer = {Lars\ Olsen},
  url        = {https://doi.org/10.1017/S0143385706000952},
}

@Article{FengWang2005,
  author     = {Feng, De-Jun and Wang, Yang},
  journal    = {J. Fourier Anal. Appl.},
  title      = {A class of self-affine sets and self-affine measures},
  year       = {2005},
  issn       = {1069-5869,1531-5851},
  number     = {1},
  pages      = {107--124},
  volume     = {11},
  doi        = {10.1007/s00041-004-4031-4},
  fjournal   = {The Journal of Fourier Analysis and Applications},
  mrclass    = {28A78 (28A80 37C45)},
  mrnumber   = {2128947},
  mrreviewer = {Antti\ K\"{a}enm\"{a}ki},
  url        = {https://doi.org/10.1007/s00041-004-4031-4},
}

@Article{FengWang2004,
  author     = {Feng, De-Jun and Wang, Yang},
  journal    = {Adv. Math.},
  title      = {Bernoulli convolutions associated with certain non-{P}isot numbers},
  year       = {2004},
  issn       = {0001-8708,1090-2082},
  number     = {1},
  pages      = {173--194},
  volume     = {187},
  doi        = {10.1016/j.aim.2003.05.002},
  fjournal   = {Advances in Mathematics},
  mrclass    = {60G50 (11R06 28A78 28A80)},
  mrnumber   = {2074175},
  mrreviewer = {D.\ Butkovi\'{c}},
  url        = {https://doi.org/10.1016/j.aim.2003.05.002},
}

@Article{FengEtAl2002,
  author     = {Feng, De-Jun and Lau, Ka-Sing and Wu, Jun},
  journal    = {Adv. Math.},
  title      = {Ergodic limits on the conformal repellers},
  year       = {2002},
  issn       = {0001-8708,1090-2082},
  number     = {1},
  pages      = {58--91},
  volume     = {169},
  doi        = {10.1006/aima.2001.2054},
  fjournal   = {Advances in Mathematics},
  mrclass    = {37C45 (28A78 37A25 37D35 37F15)},
  mrnumber   = {1916371},
  mrreviewer = {Feliks\ Przytycki},
  url        = {https://doi.org/10.1006/aima.2001.2054},
}

@Article{FengWu2001,
  author   = {Feng, De-Jun and Wu, Jun},
  journal  = {Nonlinearity},
  title    = {The {H}ausdorff dimension of recurrent sets in symbolic spaces},
  year     = {2001},
  issn     = {0951-7715,1361-6544},
  number   = {1},
  pages    = {81--85},
  volume   = {14},
  doi      = {10.1088/0951-7715/14/1/304},
  fjournal = {Nonlinearity},
  mrclass  = {28A78 (28A80 37B10)},
  mrnumber = {1808624},
  url      = {https://doi.org/10.1088/0951-7715/14/1/304},
}

@Article{FengEtAl1999,
  author     = {Feng, De-Jun and Hua, Su and Wen, Zhi-Ying},
  journal    = {Bull. London Math. Soc.},
  title      = {Some relations between packing premeasure and packing measure},
  year       = {1999},
  issn       = {0024-6093,1469-2120},
  number     = {6},
  pages      = {665--670},
  volume     = {31},
  doi        = {10.1112/S0024609399006256},
  fjournal   = {The Bulletin of the London Mathematical Society},
  mrclass    = {28A80 (28A78)},
  mrnumber   = {1711023},
  mrreviewer = {Claude\ Tricot},
  url        = {https://doi.org/10.1112/S0024609399006256},
}

@Article{FengOlivier2003,
  author     = {Feng, De-Jun and Olivier, Eric},
  journal    = {Ergodic Theory Dynam. Systems},
  title      = {Multifractal analysis of weak {G}ibbs measures and phase transition---application to some {B}ernoulli convolutions},
  year       = {2003},
  issn       = {0143-3857,1469-4417},
  number     = {6},
  pages      = {1751--1784},
  volume     = {23},
  doi        = {10.1017/S0143385703000051},
  fjournal   = {Ergodic Theory and Dynamical Systems},
  mrclass    = {37D35 (28A78 37A99 37C45)},
  mrnumber   = {2032487},
  mrreviewer = {Lars\ Olsen},
  url        = {https://doi.org/10.1017/S0143385703000051},
}

@Article{Falconer2018,
  author     = {Falconer, Kenneth and Kempton, Tom},
  journal    = {Ergodic Theory Dynam. Systems},
  title      = {Planar self-affine sets with equal {H}ausdorff, box and affinity dimensions},
  year       = {2018},
  issn       = {0143-3857},
  number     = {4},
  pages      = {1369--1388},
  volume     = {38},
  doi        = {10.1017/etds.2016.74},
  fjournal   = {Ergodic Theory and Dynamical Systems},
  mrclass    = {28A80},
  mrnumber   = {3789169},
  mrreviewer = {Ezequiel Rela},
  url        = {https://doi.org/10.1017/etds.2016.74},
}

@Article{Falconer1989,
  author     = {Falconer, K. J.},
  journal    = {Proc. Amer. Math. Soc.},
  title      = {Dimensions and measures of quasi self-similar sets},
  year       = {1989},
  issn       = {0002-9939},
  number     = {2},
  pages      = {543--554},
  volume     = {106},
  doi        = {10.2307/2048840},
  fjournal   = {Proceedings of the American Mathematical Society},
  mrclass    = {58F12 (28A75)},
  mrnumber   = {969315},
  mrreviewer = {Hermann Haase},
  url        = {https://doi.org/10.2307/2048840},
}

@Article{Falconer1989a,
  author     = {Falconer, K. J.},
  journal    = {J. Theoret. Probab.},
  title      = {Projections of random {C}antor sets},
  year       = {1989},
  issn       = {0894-9840},
  number     = {1},
  pages      = {65--70},
  volume     = {2},
  doi        = {10.1007/BF01048269},
  fjournal   = {Journal of Theoretical Probability},
  mrclass    = {60D05},
  mrnumber   = {981764},
  mrreviewer = {Herbert Ziezold},
  url        = {https://doi.org/10.1007/BF01048269},
}

@Article{Falconer1983,
  author     = {Falconer, K. J.},
  journal    = {Proc. London Math. Soc. (3)},
  title      = {X-ray problems for point sources},
  year       = {1983},
  issn       = {0024-6115},
  number     = {2},
  pages      = {241--262},
  volume     = {46},
  doi        = {10.1112/plms/s3-46.2.241},
  fjournal   = {Proceedings of the London Mathematical Society. Third Series},
  mrclass    = {52A10 (44A60 52A20 92A07)},
  mrnumber   = {693040},
  mrreviewer = {R. J. Gardner},
  url        = {https://doi.org/10.1112/plms/s3-46.2.241},
}

@Article{Falconer1984,
  author     = {Falconer, K. J.},
  journal    = {Mathematika},
  title      = {Rings of fractional dimension},
  year       = {1984},
  issn       = {0025-5793},
  number     = {1},
  pages      = {25--27},
  volume     = {31},
  doi        = {10.1112/S0025579300010615},
  fjournal   = {Mathematika. A Journal of Pure and Applied Mathematics},
  mrclass    = {28A12 (28A05)},
  mrnumber   = {762173},
  mrreviewer = {B. Volkmann},
  url        = {https://doi.org/10.1112/S0025579300010615},
}

@Article{Falconer1984a,
  author     = {Falconer, K. J.},
  journal    = {Proc. Amer. Math. Soc.},
  title      = {On a problem of {E}rd\H{o}s on sequences and measurable sets},
  year       = {1984},
  issn       = {0002-9939},
  number     = {1},
  pages      = {77--78},
  volume     = {90},
  doi        = {10.2307/2044671},
  fjournal   = {Proceedings of the American Mathematical Society},
  mrclass    = {28A75 (11K55)},
  mrnumber   = {722418},
  mrreviewer = {V. Losert},
  url        = {https://doi.org/10.2307/2044671},
}

@Article{Falconer1986a,
  author     = {Falconer, K. J.},
  journal    = {Math. Proc. Cambridge Philos. Soc.},
  title      = {Random fractals},
  year       = {1986},
  issn       = {0305-0041},
  number     = {3},
  pages      = {559--582},
  volume     = {100},
  doi        = {10.1017/S0305004100066299},
  fjournal   = {Mathematical Proceedings of the Cambridge Philosophical Society},
  mrclass    = {28A75 (60J80)},
  mrnumber   = {857731},
  mrreviewer = {S. J. Taylor},
  url        = {https://doi.org/10.1017/S0305004100066299},
}

@Article{Banaji2023,
  author   = {Banaji, Amlan},
  journal  = {Monatsh. Math.},
  title    = {Generalised intermediate dimensions},
  year     = {2023},
  issn     = {0026-9255,1436-5081},
  number   = {3},
  pages    = {465--506},
  volume   = {202},
  doi      = {10.1007/s00605-023-01884-5},
  fjournal = {Monatshefte f\"{u}r Mathematik},
  mrclass  = {28A80 (28A78)},
  mrnumber = {4651960},
  url      = {https://doi.org/10.1007/s00605-023-01884-5},
}

@Article{Wang2011,
  author     = {Wang, Zhiren},
  journal    = {Int. Math. Res. Not. IMRN},
  title      = {Quantitative density under higher rank abelian algebraic toral actions},
  year       = {2011},
  issn       = {1073-7928,1687-0247},
  number     = {16},
  pages      = {3744--3821},
  doi        = {10.1093/imrn/rnq222},
  fjournal   = {International Mathematics Research Notices. IMRN},
  mrclass    = {11K60 (37A45)},
  mrnumber   = {2824843},
  mrreviewer = {Tomas\ Persson},
  url        = {https://doi.org/10.1093/imrn/rnq222},
}

@Article{BeaucoupEtAl1998,
  author    = {Beaucoup, Frank and Borwein, Peter and Boyd, David W. and Pinner, Christopher},
  journal   = {J. Lond. Math. Soc. (2)},
  title     = {Multiple roots of $ [-1,1] $ power series},
  year      = {1998},
  number    = {1},
  pages     = {135–147},
  volume    = {57},
  doi       = {10.1112/S0024610798005857},
  publisher = {Cambridge University Press},
}

@Article{AlexanderZagier1991,
  author     = {Alexander, J. C. and Zagier, Don},
  journal    = {J. London Math. Soc. (2)},
  title      = {The entropy of a certain infinitely convolved {B}ernoulli measure},
  year       = {1991},
  issn       = {0024-6107},
  number     = {1},
  pages      = {121--134},
  volume     = {44},
  doi        = {10.1112/jlms/s2-44.1.121},
  fjournal   = {Journal of the London Mathematical Society. Second Series},
  mrclass    = {28D20 (11K55)},
  mrnumber   = {1122974},
  mrreviewer = {Nathaniel Friedman},
  url        = {https://doi.org/10.1112/jlms/s2-44.1.121},
}

@Article{FengEtAl2002a,
  author     = {Feng, De-Jun and Nguyen, Nhu T. and Wang, Tonghui},
  journal    = {Illinois J. Math.},
  title      = {Convolutions of equicontractive self-similar measures on the line},
  year       = {2002},
  issn       = {0019-2082},
  number     = {4},
  pages      = {1339--1351},
  volume     = {46},
  fjournal   = {Illinois Journal of Mathematics},
  mrclass    = {28A80 (28A78)},
  mrnumber   = {1988267},
  mrreviewer = {Ryszard J. Pa\.{w}lak},
  url        = {http://projecteuclid.org/euclid.ijm/1258138483},
}

@InCollection{GrabnerEtAl2002,
  author     = {Grabner, Peter J. and Kirschenhofer, Peter and Tichy, Robert F.},
  title      = {Combinatorial and arithmetical properties of linear numeration systems},
  year       = {2002},
  note       = {Special issue: Paul Erd\H{o}s and his mathematics},
  number     = {2},
  pages      = {245--267},
  volume     = {22},
  doi        = {10.1007/s004930200011},
  fjournal   = {Combinatorica. An International Journal on Combinatorics and the Theory of Computing},
  issn       = {0209-9683},
  journal    = {Combinatorica},
  mrclass    = {11K55 (11A63 28D20 60C05)},
  mrnumber   = {1909085},
  mrreviewer = {Jean-Paul Allouche},
  url        = {https://doi.org/10.1007/s004930200011},
}

@Article{HareEtAl2021,
  author   = {Hare, Kevin G. and Kempton, Tom and Persson, Tomas and Sidorov, Nikita},
  journal  = {Nonlinearity},
  title    = {Computing {G}arsia entropy for {B}ernoulli convolutions with algebraic parameters},
  year     = {2021},
  issn     = {0951-7715},
  number   = {7},
  pages    = {4744--4763},
  volume   = {34},
  doi      = {10.1088/1361-6544/abf849},
  fjournal = {Nonlinearity},
  mrclass  = {28A80 (11R06 28D20 37A35)},
  mrnumber = {4281458},
  url      = {https://doi.org/10.1088/1361-6544/abf849},
}

@Book{Higham2002,
  author    = {Higham, Nicholas J.},
  publisher = {Society for Industrial and Applied Mathematics (SIAM), Philadelphia, PA},
  title     = {Accuracy and stability of numerical algorithms},
  year      = {2002},
  edition   = {Second},
  isbn      = {0-89871-521-0},
  doi       = {10.1137/1.9780898718027},
  mrclass   = {65G50 (65-02)},
  mrnumber  = {1927606},
  pages     = {xxx+680},
  url       = {https://doi.org/10.1137/1.9780898718027},
}

@InProceedings{Hochman2018,
  author    = {Hochman, Michael},
  booktitle = {Proceedings of the {I}nternational {C}ongress of {M}athematicians---{R}io de {J}aneiro 2018. {V}ol. {III}. {I}nvited lectures},
  title     = {Dimension theory of self-similar sets and measures},
  year      = {2018},
  pages     = {1949--1972},
  publisher = {World Sci. Publ., Hackensack, NJ},
  mrclass   = {28A80 (37C45 37F35)},
  mrnumber  = {3966837},
}

@Book{HornJohnson2013,
  author     = {Horn, Roger A. and Johnson, Charles R.},
  publisher  = {Cambridge University Press, Cambridge},
  title      = {Matrix analysis},
  year       = {2013},
  edition    = {Second},
  isbn       = {978-0-521-54823-6},
  mrclass    = {15-01},
  mrnumber   = {2978290},
  mrreviewer = {Mohammad Sal Moslehian},
  pages      = {xviii+643},
}

@Article{Lalley1998,
  author     = {Lalley, Steven P.},
  journal    = {J. London Math. Soc. (2)},
  title      = {Random series in powers of algebraic integers: {H}ausdorff dimension of the limit distribution},
  year       = {1998},
  issn       = {0024-6107},
  number     = {3},
  pages      = {629--654},
  volume     = {57},
  doi        = {10.1112/S0024610798005948},
  fjournal   = {Journal of the London Mathematical Society. Second Series},
  mrclass    = {11K55 (28A78)},
  mrnumber   = {1659849},
  mrreviewer = {D. Boyd},
  url        = {https://doi.org/10.1112/S0024610798005948},
}

@Article{Baker2020,
  author     = {Baker, Simon},
  journal    = {Ergodic Theory Dynam. Systems},
  title      = {Digit frequencies and self-affine sets with non-empty interior},
  year       = {2020},
  issn       = {0143-3857},
  number     = {7},
  pages      = {1755--1787},
  volume     = {40},
  doi        = {10.1017/etds.2018.127},
  fjournal   = {Ergodic Theory and Dynamical Systems},
  mrclass    = {11K55 (11A63 28A80)},
  mrnumber   = {4108904},
  mrreviewer = {Thomas Ward},
  url        = {https://doi.org/10.1017/etds.2018.127},
}

@Article{Bandt1991,
  author     = {Bandt, Christoph},
  journal    = {Proc. Amer. Math. Soc.},
  title      = {Self-similar sets. {V}. {I}nteger matrices and fractal tilings of {${\bf R}^n$}},
  year       = {1991},
  issn       = {0002-9939},
  number     = {2},
  pages      = {549--562},
  volume     = {112},
  doi        = {10.2307/2048752},
  fjournal   = {Proceedings of the American Mathematical Society},
  mrclass    = {58F08 (28A80 58F12)},
  mrnumber   = {1036982},
  mrreviewer = {Tim Bedford},
  url        = {https://doi.org/10.2307/2048752},
}

@Article{CsoernyeiEtAl2006,
  author     = {Cs\"{o}rnyei, M. and Jordan, T. and Pollicott, M. and Preiss, D. and Solomyak, B.},
  journal    = {Ergodic Theory Dynam. Systems},
  title      = {Positive-measure self-similar sets without interior},
  year       = {2006},
  issn       = {0143-3857},
  number     = {3},
  pages      = {755--758},
  volume     = {26},
  doi        = {10.1017/S0143385705000702},
  fjournal   = {Ergodic Theory and Dynamical Systems},
  mrclass    = {28A80 (37C45)},
  mrnumber   = {2237468},
  mrreviewer = {Antti K\"{a}enm\"{a}ki},
  url        = {https://doi.org/10.1017/S0143385705000702},
}

@Article{DajaniEtAl2014,
  author     = {Dajani, Karma and Jiang, Kan and Kempton, Tom},
  journal    = {Indag. Math. (N.S.)},
  title      = {Self-affine sets with positive {L}ebesgue measure},
  year       = {2014},
  issn       = {0019-3577},
  number     = {4},
  pages      = {774--784},
  volume     = {25},
  doi        = {10.1016/j.indag.2014.04.009},
  fjournal   = {Koninklijke Nederlandse Akademie van Wetenschappen. Indagationes Mathematicae. New Series},
  mrclass    = {28A80},
  mrnumber   = {3217034},
  mrreviewer = {Sascha Troscheit},
  url        = {https://doi.org/10.1016/j.indag.2014.04.009},
}

@Article{HareSidorov2016,
  author     = {Hare, Kevin G. and Sidorov, Nikita},
  journal    = {Nonlinearity},
  title      = {Two-dimensional self-affine sets with interior points, and the set of uniqueness},
  year       = {2016},
  issn       = {0951-7715},
  number     = {1},
  pages      = {1--26},
  volume     = {29},
  doi        = {10.1088/0951-7715/29/1/1},
  fjournal   = {Nonlinearity},
  mrclass    = {28A80},
  mrnumber   = {3460748},
  mrreviewer = {Qi-Rong Deng},
  url        = {https://doi.org/10.1088/0951-7715/29/1/1},
}

@Article{HareSidorov2017,
  author     = {Hare, Kevin G. and Sidorov, Nikita},
  journal    = {Ergodic Theory Dynam. Systems},
  title      = {On a family of self-affine sets: topology, uniqueness, simultaneous expansions},
  year       = {2017},
  issn       = {0143-3857},
  number     = {1},
  pages      = {193--227},
  volume     = {37},
  doi        = {10.1017/etds.2015.41},
  fjournal   = {Ergodic Theory and Dynamical Systems},
  mrclass    = {28A80},
  mrnumber   = {3590500},
  mrreviewer = {Sze-Man Ngai},
  url        = {https://doi.org/10.1017/etds.2015.41},
}

@Article{HeEtAl2003,
  author   = {He, Xing-Gang and Lau, Ka-Sing and Rao, Hui},
  journal  = {Constr. Approx.},
  title    = {Self-affine sets and graph-directed systems},
  year     = {2003},
  issn     = {0176-4276},
  number   = {3},
  pages    = {373--397},
  volume   = {19},
  doi      = {10.1007/s00365-002-0515-0},
  fjournal = {Constructive Approximation. An International Journal for Approximations and Expansions},
  mrclass  = {52C20 (28A80 52C22)},
  mrnumber = {1979057},
  url      = {https://doi.org/10.1007/s00365-002-0515-0},
}

@Article{Shmerkin2006,
  author     = {Shmerkin, Pablo},
  journal    = {Indiana Univ. Math. J.},
  title      = {Overlapping self-affine sets},
  year       = {2006},
  issn       = {0022-2518},
  number     = {4},
  pages      = {1291--1331},
  volume     = {55},
  doi        = {10.1512/iumj.2006.55.2718},
  fjournal   = {Indiana University Mathematics Journal},
  mrclass    = {28A80 (11Z05 37C45)},
  mrnumber   = {2269414},
  mrreviewer = {Lars Olsen},
  url        = {https://doi.org/10.1512/iumj.2006.55.2718},
}

@Article{Stromberg1972,
  author     = {Stromberg, Karl},
  journal    = {Proc. Amer. Math. Soc.},
  title      = {An elementary proof of {S}teinhaus's theorem},
  year       = {1972},
  issn       = {0002-9939},
  pages      = {308},
  volume     = {36},
  doi        = {10.2307/2039082},
  fjournal   = {Proceedings of the American Mathematical Society},
  mrclass    = {28A70 (43A05)},
  mrnumber   = {308368},
  mrreviewer = {C. Chou},
  url        = {https://doi.org/10.2307/2039082},
}

@Article{Algom2020,
  author     = {Algom, Amir},
  journal    = {Proc. Lond. Math. Soc. (3)},
  title      = {Slicing theorems and rigidity phenomena for self-affine carpets},
  year       = {2020},
  issn       = {0024-6115,1460-244X},
  number     = {2},
  pages      = {312--353},
  volume     = {121},
  doi        = {10.1112/plms.12325},
  fjournal   = {Proceedings of the London Mathematical Society. Third Series},
  mrclass    = {28A80 (11K55 28A50 28D05 37C45)},
  mrnumber   = {4093958},
  mrreviewer = {Tomas\ Persson},
  url        = {https://doi.org/10.1112/plms.12325},
}

@Book{Chung2001,
  author    = {Chung, Kai Lai},
  publisher = {Academic Press, Inc., San Diego, CA},
  title     = {A course in probability theory},
  year      = {2001},
  edition   = {Third},
  isbn      = {0-12-174151-6},
  mrclass   = {60-01},
  mrnumber  = {1796326},
  pages     = {xviii+419},
}

@Article{HochmanRapaport2022,
  author     = {Hochman, Michael and Rapaport, Ariel},
  journal    = {J. Eur. Math. Soc. (JEMS)},
  title      = {Hausdorff dimension of planar self-affine sets and measures with overlaps},
  year       = {2022},
  issn       = {1435-9855,1435-9863},
  number     = {7},
  pages      = {2361--2441},
  volume     = {24},
  doi        = {10.4171/jems/1127},
  fjournal   = {Journal of the European Mathematical Society (JEMS)},
  mrclass    = {28A80 (37C45)},
  mrnumber   = {4413769},
  mrreviewer = {Jonathan\ MacDonald\ Fraser},
  url        = {https://doi.org/10.4171/jems/1127},
}

@Misc{Rapaport2022a,
  author        = {Ariel Rapaport},
  title         = {On self-affine measures associated to strongly irreducible and proximal systems},
  year          = {2022},
  archiveprefix = {arXiv},
  eprint        = {2212.07215},
  primaryclass  = {math.DS},
}

@Article{Peres1994a,
  author     = {Peres, Yuval},
  journal    = {Math. Proc. Cambridge Philos. Soc.},
  title      = {The packing measure of self-affine carpets},
  year       = {1994},
  issn       = {0305-0041,1469-8064},
  number     = {3},
  pages      = {437--450},
  volume     = {115},
  doi        = {10.1017/S0305004100072224},
  fjournal   = {Mathematical Proceedings of the Cambridge Philosophical Society},
  mrclass    = {28A75},
  mrnumber   = {1269931},
  mrreviewer = {S.\ J.\ Taylor},
  url        = {https://doi.org/10.1017/S0305004100072224},
}

@Article{BenjaminiPeres1991,
  author     = {Benjamini, Itai and Peres, Yuval},
  journal    = {Israel J. Math.},
  title      = {On the {H}ausdorff dimension of fibres},
  year       = {1991},
  issn       = {0021-2172},
  number     = {2-3},
  pages      = {267--279},
  volume     = {74},
  doi        = {10.1007/BF02775791},
  fjournal   = {Israel Journal of Mathematics},
  mrclass    = {28A78},
  mrnumber   = {1135239},
  mrreviewer = {Miguel\ Angel\ Mart\'{\i}n},
  url        = {https://doi.org/10.1007/BF02775791},
}

@Article{BishopPeres1996,
  author     = {Bishop, Christopher J. and Peres, Yuval},
  journal    = {Trans. Amer. Math. Soc.},
  title      = {Packing dimension and {C}artesian products},
  year       = {1996},
  issn       = {0002-9947,1088-6850},
  number     = {11},
  pages      = {4433--4445},
  volume     = {348},
  doi        = {10.1090/S0002-9947-96-01750-3},
  fjournal   = {Transactions of the American Mathematical Society},
  mrclass    = {28A80 (28A75)},
  mrnumber   = {1376540},
  mrreviewer = {Claude\ Tricot},
  url        = {https://doi.org/10.1090/S0002-9947-96-01750-3},
}

@Article{HueterPeres1997,
  author     = {Hueter, Irene and Peres, Yuval},
  journal    = {Combin. Probab. Comput.},
  title      = {Self-affine carpets on the square lattice},
  year       = {1997},
  issn       = {0963-5483,1469-2163},
  number     = {2},
  pages      = {197--204},
  volume     = {6},
  doi        = {10.1017/S0963548397002940},
  fjournal   = {Combinatorics, Probability and Computing},
  mrclass    = {28A78 (28A80)},
  mrnumber   = {1447816},
  mrreviewer = {Manuel\ Mor\'{a}n},
  url        = {https://doi.org/10.1017/S0963548397002940},
}

@InCollection{PeresSolomyak2000,
  author    = {Peres, Yuval and Solomyak, Boris},
  booktitle = {Fractal geometry and stochastics, {II} ({G}reifswald/{K}oserow, 1998)},
  publisher = {Birkh\"{a}user, Basel},
  title     = {Problems on self-similar sets and self-affine sets: an update},
  year      = {2000},
  isbn      = {3-7643-6215-4},
  pages     = {95--106},
  series    = {Progr. Probab.},
  volume    = {46},
  mrclass   = {28A80 (28A78 37A99 37C45)},
  mrnumber  = {1785622},
}

@Article{PeresEtAl2001,
  author     = {Peres, Yuval and Rams, Micha\l and Simon, K\'{a}roly and Solomyak, Boris},
  journal    = {Proc. Amer. Math. Soc.},
  title      = {Equivalence of positive {H}ausdorff measure and the open set condition for self-conformal sets},
  year       = {2001},
  issn       = {0002-9939,1088-6826},
  number     = {9},
  pages      = {2689--2699},
  volume     = {129},
  doi        = {10.1090/S0002-9939-01-05969-X},
  fjournal   = {Proceedings of the American Mathematical Society},
  mrclass    = {28A80 (28A78)},
  mrnumber   = {1838793},
  mrreviewer = {Norbert\ Patzschke},
  url        = {https://doi.org/10.1090/S0002-9939-01-05969-X},
}

@Article{NazarovEtAl2012,
  author     = {Nazarov, Fedor and Peres, Yuval and Shmerkin, Pablo},
  journal    = {Israel J. Math.},
  title      = {Convolutions of {C}antor measures without resonance},
  year       = {2012},
  issn       = {0021-2172,1565-8511},
  pages      = {93--116},
  volume     = {187},
  doi        = {10.1007/s11856-011-0164-8},
  fjournal   = {Israel Journal of Mathematics},
  mrclass    = {28A78 (37A50)},
  mrnumber   = {2891700},
  mrreviewer = {Tian-you\ Hu},
  url        = {https://doi.org/10.1007/s11856-011-0164-8},
}

@InCollection{PeresSolomyak2013,
  author     = {Peres, Yuval and Solomyak, Boris},
  booktitle  = {Further developments in fractals and related fields},
  publisher  = {Birkh\"{a}user/Springer, New York},
  title      = {The multiplicative golden mean shift has infinite {H}ausdorff measure},
  year       = {2013},
  isbn       = {978-0-8176-8399-3; 978-0-8176-8400-6},
  pages      = {193--212},
  series     = {Trends Math.},
  doi        = {10.1007/978-0-8176-8400-6\_10},
  mrclass    = {28A78 (28A80 60E15 60J20)},
  mrnumber   = {3184193},
  mrreviewer = {Esa\ J\"{a}rvenp\"{a}\"{a}},
  url        = {https://doi.org/10.1007/978-0-8176-8400-6_10},
}

@Article{PeresRams2016,
  author     = {Peres, Yuval and Rams, Micha\l},
  journal    = {Israel J. Math.},
  title      = {Projections of the natural measure for percolation fractals},
  year       = {2016},
  issn       = {0021-2172,1565-8511},
  number     = {2},
  pages      = {539--552},
  volume     = {214},
  doi        = {10.1007/s11856-016-1343-4},
  fjournal   = {Israel Journal of Mathematics},
  mrclass    = {28A80 (60F10 60G30 60K35)},
  mrnumber   = {3544692},
  mrreviewer = {Dmitry\ Beliaev},
  url        = {https://doi.org/10.1007/s11856-016-1343-4},
}

@Article{KeaneEtAl1995,
  author     = {Keane, Mike and Smorodinsky, Meir and Solomyak, Boris},
  journal    = {Trans. Amer. Math. Soc.},
  title      = {On the morphology of {$\gamma$}-expansions with deleted digits},
  year       = {1995},
  issn       = {0002-9947,1088-6850},
  number     = {3},
  pages      = {955--966},
  volume     = {347},
  doi        = {10.2307/2154880},
  fjournal   = {Transactions of the American Mathematical Society},
  mrclass    = {11K55 (28A12)},
  mrnumber   = {1290723},
  mrreviewer = {Rita\ Giuliano Antonini},
  url        = {https://doi.org/10.2307/2154880},
}

@Article{Solomyak1997,
  author     = {Solomyak, Boris},
  journal    = {Ergodic Theory Dynam. Systems},
  title      = {Dynamics of self-similar tilings},
  year       = {1997},
  issn       = {0143-3857,1469-4417},
  number     = {3},
  pages      = {695--738},
  volume     = {17},
  doi        = {10.1017/S0143385797084988},
  fjournal   = {Ergodic Theory and Dynamical Systems},
  mrclass    = {52C22 (58F99)},
  mrnumber   = {1452190},
  mrreviewer = {Mihail\ N.\ Kolountzakis},
  url        = {https://doi.org/10.1017/S0143385797084988},
}

@Article{PeresSolomyak1998,
  author     = {Peres, Yuval and Solomyak, Boris},
  journal    = {Trans. Amer. Math. Soc.},
  title      = {Self-similar measures and intersections of {C}antor sets},
  year       = {1998},
  issn       = {0002-9947,1088-6850},
  number     = {10},
  pages      = {4065--4087},
  volume     = {350},
  doi        = {10.1090/S0002-9947-98-02292-2},
  fjournal   = {Transactions of the American Mathematical Society},
  mrclass    = {26A46 (26A30 28A78 28A80)},
  mrnumber   = {1491873},
  mrreviewer = {Manuel\ Mor\'{a}n},
  url        = {https://doi.org/10.1090/S0002-9947-98-02292-2},
}

@Article{SimonSolomyak1998,
  author     = {Simon, K\'{a}roly and Solomyak, Boris},
  journal    = {Fund. Math.},
  title      = {Correlation dimension for self-similar {C}antor sets with overlaps},
  year       = {1998},
  issn       = {0016-2736,1730-6329},
  number     = {3},
  pages      = {293--300},
  volume     = {155},
  fjournal   = {Fundamenta Mathematicae},
  mrclass    = {28D20 (28D05)},
  mrnumber   = {1607450},
  mrreviewer = {Run\ Sheng\ Yang},
}

@InCollection{Solomyak1998a,
  author     = {Solomyak, Boris},
  booktitle  = {Quasicrystals and discrete geometry ({T}oronto, {ON}, 1995)},
  publisher  = {Amer. Math. Soc., Providence, RI},
  title      = {Spectrum of dynamical systems arising from {D}elone sets},
  year       = {1998},
  isbn       = {0-8218-0682-3},
  pages      = {265--275},
  series     = {Fields Inst. Monogr.},
  volume     = {10},
  doi        = {10.1090/fim/010/10},
  mrclass    = {58F27 (54H20 58F19)},
  mrnumber   = {1636783},
  mrreviewer = {Richard\ Kenyon},
  url        = {https://doi.org/10.1090/fim/010/10},
}

@Article{SimonSolomyak2006/07,
  author     = {Simon, K\'{a}roly and Solomyak, Boris},
  journal    = {Real Anal. Exchange},
  title      = {Visibility for self-similar sets of dimension one in the plane},
  year       = {2006/07},
  issn       = {0147-1937,1930-1219},
  number     = {1},
  pages      = {67--78},
  volume     = {32},
  fjournal   = {Real Analysis Exchange},
  mrclass    = {28A80 (28A78)},
  mrnumber   = {2329222},
  mrreviewer = {Wenxia\ Li},
  url        = {http://projecteuclid.org/euclid.rae/1184700037},
}

@Article{PeresEtAl2006,
  author     = {Peres, Yuval and Simon, K\'{a}roly and Solomyak, Boris},
  journal    = {J. London Math. Soc. (2)},
  title      = {Absolute continuity for random iterated function systems with overlaps},
  year       = {2006},
  issn       = {0024-6107,1469-7750},
  number     = {3},
  pages      = {739--756},
  volume     = {74},
  doi        = {10.1112/S0024610706023258},
  fjournal   = {Journal of the London Mathematical Society. Second Series},
  mrclass    = {37C45 (28A80 37H99 60D05)},
  mrnumber   = {2286443},
  mrreviewer = {Esa\ J\"{a}rvenp\"{a}\"{a}},
  url        = {https://doi.org/10.1112/S0024610706023258},
}

@Article{SimonSolomyak2002,
  author     = {Simon, K\'{a}roly and Solomyak, Boris},
  journal    = {Fractals},
  title      = {On the dimension of self-similar sets},
  year       = {2002},
  issn       = {0218-348X,1793-6543},
  number     = {1},
  pages      = {59--65},
  volume     = {10},
  doi        = {10.1142/S0218348X02000963},
  fjournal   = {Fractals. Complex Geometry, Patterns, and Scaling in Nature and Society},
  mrclass    = {28A80},
  mrnumber   = {1894903},
  mrreviewer = {Peter\ R.\ Massopust},
  url        = {https://doi.org/10.1142/S0218348X02000963},
}

@Article{PeresSolomyak2000a,
  author     = {Peres, Yuval and Solomyak, Boris},
  journal    = {J. Number Theory},
  title      = {Approximation by polynomials with coefficients {$\pm1$}},
  year       = {2000},
  issn       = {0022-314X,1096-1658},
  number     = {2},
  pages      = {185--198},
  volume     = {84},
  doi        = {10.1006/jnth.2000.2514},
  fjournal   = {Journal of Number Theory},
  mrclass    = {11K16 (11R06)},
  mrnumber   = {1795789},
  mrreviewer = {K\'{a}roly\ Simon},
  url        = {https://doi.org/10.1006/jnth.2000.2514},
}

@Article{KenyonEtAl2005,
  author     = {Kenyon, Richard and Sadun, Lorenzo and Solomyak, Boris},
  journal    = {Ergodic Theory Dynam. Systems},
  title      = {Topological mixing for substitutions on two letters},
  year       = {2005},
  issn       = {0143-3857,1469-4417},
  number     = {6},
  pages      = {1919--1934},
  volume     = {25},
  doi        = {10.1017/S0143385705000349},
  fjournal   = {Ergodic Theory and Dynamical Systems},
  mrclass    = {37B10 (37A25 54H20)},
  mrnumber   = {2183301},
  mrreviewer = {Boris\ Adamczewski},
  url        = {https://doi.org/10.1017/S0143385705000349},
}

@Article{ShmerkinSolomyak2006,
  author     = {Shmerkin, Pablo and Solomyak, Boris},
  journal    = {Experiment. Math.},
  title      = {Zeros of {$\{-1,0,1\}$} power series and connectedness loci for self-affine sets},
  year       = {2006},
  issn       = {1058-6458,1944-950X},
  number     = {4},
  pages      = {499--511},
  volume     = {15},
  fjournal   = {Experimental Mathematics},
  mrclass    = {30B10 (28A80 30-04 30C15)},
  mrnumber   = {2293600},
  mrreviewer = {D.\ A.\ Brannan},
  url        = {http://projecteuclid.org/euclid.em/1175789784},
}

@Article{JordanEtAl2011,
  author     = {Jordan, Thomas and Shmerkin, Pablo and Solomyak, Boris},
  journal    = {Math. Proc. Cambridge Philos. Soc.},
  title      = {Multifractal structure of {B}ernoulli convolutions},
  year       = {2011},
  issn       = {0305-0041,1469-8064},
  number     = {3},
  pages      = {521--539},
  volume     = {151},
  doi        = {10.1017/S0305004111000466},
  fjournal   = {Mathematical Proceedings of the Cambridge Philosophical Society},
  mrclass    = {11K55 (11K16 11K36)},
  mrnumber   = {2838343},
  mrreviewer = {Karma\ Dajani},
  url        = {https://doi.org/10.1017/S0305004111000466},
}

@Article{BufetovSolomyak2013,
  author     = {Bufetov, Alexander I. and Solomyak, Boris},
  journal    = {Comm. Math. Phys.},
  title      = {Limit theorems for self-similar tilings},
  year       = {2013},
  issn       = {0010-3616,1432-0916},
  number     = {3},
  pages      = {761--789},
  volume     = {319},
  doi        = {10.1007/s00220-012-1624-7},
  fjournal   = {Communications in Mathematical Physics},
  mrclass    = {37A30 (52C22)},
  mrnumber   = {3040375},
  mrreviewer = {Idris\ Assani},
  url        = {https://doi.org/10.1007/s00220-012-1624-7},
}

@Article{ShmerkinSolomyak2016,
  author   = {Shmerkin, Pablo and Solomyak, Boris},
  journal  = {Trans. Amer. Math. Soc.},
  title    = {Absolute continuity of self-similar measures, their projections and convolutions},
  year     = {2016},
  issn     = {0002-9947,1088-6850},
  number   = {7},
  pages    = {5125--5151},
  volume   = {368},
  doi      = {10.1090/tran6696},
  fjournal = {Transactions of the American Mathematical Society},
  mrclass  = {28A80 (28A78 37A45 42A38)},
  mrnumber = {3456174},
  url      = {https://doi.org/10.1090/tran6696},
}

@Article{ShmerkinSolomyak2016a,
  author     = {Shmerkin, Pablo and Solomyak, Boris},
  journal    = {Math. Proc. Cambridge Philos. Soc.},
  title      = {Absolute continuity of complex {B}ernoulli convolutions},
  year       = {2016},
  issn       = {0305-0041,1469-8064},
  number     = {3},
  pages      = {435--453},
  volume     = {161},
  doi        = {10.1017/S0305004116000335},
  fjournal   = {Mathematical Proceedings of the Cambridge Philosophical Society},
  mrclass    = {28A80 (37C45 60G50)},
  mrnumber   = {3569155},
  mrreviewer = {Jonathan\ MacDonald\ Fraser},
  url        = {https://doi.org/10.1017/S0305004116000335},
}

@Article{SagliettiEtAl2018,
  author     = {Saglietti, Santiago and Shmerkin, Pablo and Solomyak, Boris},
  journal    = {Adv. Math.},
  title      = {Absolute continuity of non-homogeneous self-similar measures},
  year       = {2018},
  issn       = {0001-8708,1090-2082},
  pages      = {60--110},
  volume     = {335},
  doi        = {10.1016/j.aim.2018.06.015},
  fjournal   = {Advances in Mathematics},
  mrclass    = {28A78 (28A80 37A45 42A38)},
  mrnumber   = {3836658},
  mrreviewer = {Tushar\ Das},
  url        = {https://doi.org/10.1016/j.aim.2018.06.015},
}

@InCollection{Solomyak2020,
  author    = {Solomyak, Boris},
  booktitle = {Substitution and tiling dynamics: introduction to self-inducing structures},
  publisher = {Springer, Cham},
  title     = {Delone sets and dynamical systems},
  year      = {2020},
  isbn      = {978-3-030-57666-0; 978-3-030-57665-3},
  pages     = {1--32},
  series    = {Lecture Notes in Math.},
  volume    = {2273},
  mrclass   = {52C23 (11R06 37B52 42B10)},
  mrnumber  = {4200105},
}

@Article{Solomyak2021,
  author     = {Solomyak, Boris},
  journal    = {Proc. Amer. Math. Soc.},
  title      = {Fourier decay for self-similar measures},
  year       = {2021},
  issn       = {0002-9939,1088-6826},
  number     = {8},
  pages      = {3277--3291},
  volume     = {149},
  doi        = {10.1090/proc/15515},
  fjournal   = {Proceedings of the American Mathematical Society},
  mrclass    = {28A80 (42A16 60G18)},
  mrnumber   = {4273134},
  mrreviewer = {Xiaoye\ Fu},
  url        = {https://doi.org/10.1090/proc/15515},
}

@Article{BaranyEtAl2022a,
  author     = {B\'{a}r\'{a}ny, Bal\'{a}zs and Simon, K\'{a}roly and Solomyak, Boris and \'{S}piewak, Adam},
  journal    = {Adv. Math.},
  title      = {Typical absolute continuity for classes of dynamically defined measures},
  year       = {2022},
  issn       = {0001-8708,1090-2082},
  pages      = {Paper No. 108258, 73},
  volume     = {399},
  doi        = {10.1016/j.aim.2022.108258},
  fjournal   = {Advances in Mathematics},
  mrclass    = {28A80 (37D35 37E05 60G30)},
  mrnumber   = {4385129},
  mrreviewer = {Jonathan\ MacDonald\ Fraser},
  url        = {https://doi.org/10.1016/j.aim.2022.108258},
}

@Article{Solomyak2022,
  author     = {Solomyak, Boris},
  journal    = {J. Fractal Geom.},
  title      = {Fourier decay for homogeneous self-affine measures},
  year       = {2022},
  issn       = {2308-1309,2308-1317},
  number     = {1-2},
  pages      = {193--206},
  volume     = {9},
  doi        = {10.4171/jfg/119},
  fjournal   = {Journal of Fractal Geometry. Mathematics of Fractals and Related Topics},
  mrclass    = {28A80 (42A38)},
  mrnumber   = {4461215},
  mrreviewer = {Meng\ Zhu},
  url        = {https://doi.org/10.4171/jfg/119},
}

@Book{BaranyEtAl2023a,
  author    = {B\'{a}r\'{a}ny, Bal\'{a}zs and Simon, K\'{a}roly and Solomyak, Boris},
  publisher = {American Mathematical Society, Providence, RI},
  title     = {Self-similar and self-affine sets and measures},
  year      = {2023},
  isbn      = {[9781470470463]; [9781470475505]},
  series    = {Mathematical Surveys and Monographs},
  volume    = {276},
  doi       = {10.1090/surv/276},
  mrclass   = {28-02 (28A75 28A78 28A80 37D35 42A38)},
  mrnumber  = {4661364},
  pages     = {xii+451},
  url       = {https://doi.org/10.1090/surv/276},
}

@Article{FalconerMiao2010,
  author     = {Falconer, Kenneth and Miao, Jun},
  journal    = {Mathematika},
  title      = {Random subsets of self-affine fractals},
  year       = {2010},
  issn       = {0025-5793,2041-7942},
  number     = {1},
  pages      = {61--76},
  volume     = {56},
  doi        = {10.1112/S0025579309000357},
  fjournal   = {Mathematika. A Journal of Pure and Applied Mathematics},
  mrclass    = {28A80 (60D05)},
  mrnumber   = {2604983},
  mrreviewer = {Artemi\ Berlinkov},
  url        = {https://doi.org/10.1112/S0025579309000357},
}

@Article{HussainEtAl2022,
  author     = {Hussain, Mumtaz and Li, Bing and Simmons, David and Wang, Baowei},
  journal    = {Ergodic Theory Dynam. Systems},
  title      = {Dynamical {B}orel-{C}antelli lemma for recurrence theory},
  year       = {2022},
  issn       = {0143-3857,1469-4417},
  number     = {6},
  pages      = {1994--2008},
  volume     = {42},
  doi        = {10.1017/etds.2021.23},
  fjournal   = {Ergodic Theory and Dynamical Systems},
  mrclass    = {37A05 (37A50)},
  mrnumber   = {4417342},
  mrreviewer = {Alexander\ G.\ Kachurovskii},
  url        = {https://doi.org/10.1017/etds.2021.23},
}

@Article{BaranyKolossvary2015,
  author     = {B\'{a}r\'{a}ny, Bal\'{a}zs and Kolossv\'{a}ry, Istv\'{a}n},
  journal    = {J. Stat. Phys.},
  title      = {On the absolute continuity of the {B}lackwell measure},
  year       = {2015},
  issn       = {0022-4715,1572-9613},
  number     = {1},
  pages      = {158--171},
  volume     = {159},
  doi        = {10.1007/s10955-014-1176-7},
  fjournal   = {Journal of Statistical Physics},
  mrclass    = {94A17 (60G30)},
  mrnumber   = {3320956},
  mrreviewer = {Vivek\ S.\ Borkar},
  url        = {https://doi.org/10.1007/s10955-014-1176-7},
}

@Article{Kolossvary2023,
  author     = {Kolossv\'{a}ry, Istv\'{a}n},
  journal    = {J. Lond. Math. Soc. (2)},
  title      = {The {$L^q$} spectrum of self-affine measures on sponges},
  year       = {2023},
  issn       = {0024-6107,1469-7750},
  number     = {2},
  pages      = {666--701},
  volume     = {108},
  fjournal   = {Journal of the London Mathematical Society. Second Series},
  mrclass    = {37C45 (28A80 37B10 37D35)},
  mrnumber   = {4626722},
  mrreviewer = {Jonathan\ MacDonald\ Fraser},
}

@Article{BaranyRams2018,
  author     = {B\'{a}r\'{a}ny, Bal\'{a}zs and Rams, Micha\l},
  journal    = {Trans. Amer. Math. Soc.},
  title      = {Dimension maximizing measures for self-affine systems},
  year       = {2018},
  issn       = {0002-9947,1088-6850},
  number     = {1},
  pages      = {553--576},
  volume     = {370},
  doi        = {10.1090/tran/7103},
  fjournal   = {Transactions of the American Mathematical Society},
  mrclass    = {28A80 (37C45)},
  mrnumber   = {3717989},
  mrreviewer = {Jonathan\ MacDonald\ Fraser},
  url        = {https://doi.org/10.1090/tran/7103},
}

@InCollection{Kaeenmaeki2004a,
  author     = {K\"{a}enm\"{a}ki, Antti},
  title      = {Measures of full dimension on self-affine sets},
  year       = {2004},
  note       = {32nd Winter School on Abstract Analysis},
  number     = {2},
  pages      = {45--53},
  volume     = {45},
  fjournal   = {Acta Universitatis Carolinae. Mathematica et Physica},
  issn       = {0001-7140},
  journal    = {Acta Univ. Carolin. Math. Phys.},
  mrclass    = {28A80 (37C45)},
  mrnumber   = {2138274},
  mrreviewer = {Manuel\ Mor\'{a}n},
}

@Article{FraserShmerkin2016,
  author     = {Fraser, Jonathan M. and Shmerkin, Pablo},
  journal    = {Ergodic Theory Dynam. Systems},
  title      = {On the dimensions of a family of overlapping self-affine carpets},
  year       = {2016},
  issn       = {0143-3857,1469-4417},
  number     = {8},
  pages      = {2463--2481},
  volume     = {36},
  doi        = {10.1017/etds.2015.21},
  fjournal   = {Ergodic Theory and Dynamical Systems},
  mrclass    = {28A80},
  mrnumber   = {3570020},
  mrreviewer = {Wenxia\ Li},
  url        = {https://doi.org/10.1017/etds.2015.21},
}

@Comment{jabref-meta: databaseType:bibtex;}

@Comment{jabref-meta: grouping:
0 AllEntriesGroup:;
1 KeywordGroup:arXiv\;0\;archiveprefix\;arXiv\;0\;0\;1\;0xff0000ff\;web\;\;;
1 KeywordGroup:MR\;0\;mrnumber\;(.*?)\;0\;1\;1\;0x0000ffff\;mdiMessageDraw\;\;;
}
